<?xml version="1.0" encoding="UTF-8"?>
<OAI-PMH xmlns="http://www.openarchives.org/OAI/2.0/" xmlns:xsi="http://www.w3.org/2001/XMLSchema-instance" xsi:schemaLocation="http://www.openarchives.org/OAI/2.0/ http://www.openarchives.org/OAI/2.0/OAI-PMH.xsd">
  <responseDate>2012-06-05T18:54:26Z</responseDate>
  <request verb="ListRecords" from="2012-06-05T18:30:04Z" metadataPrefix="marc21">http://localhost:8080/OAIToolkit/oai-request.do</request>
  <ListRecords>
    <record>
      <header>
        <identifier>oai:library.rochester.edu:URVoyager1/350</identifier>
        <datestamp>2012-06-05T18:53:48Z</datestamp>
        <setSpec>bib</setSpec>
      </header>
      <metadata>
        <marc:record xmlns:marc="http://www.loc.gov/MARC21/slim" xmlns:xsi="http://www.w3.org/2001/XMLSchema-instance" xsi:schemaLocation="http://www.loc.gov/MARC21/slim http://localhost:8080/OAIToolkit/schema/MARC21slim_custom.xsd">
          <marc:leader>01707cas a2200529 a 4500</marc:leader>
          <marc:controlfield tag="001">24982</marc:controlfield>
          <marc:controlfield tag="003">ISUdb</marc:controlfield>
          <marc:controlfield tag="005">20090617111715.0</marc:controlfield>
          <marc:controlfield tag="008">750915c19669999dcuar         0   a0eng  </marc:controlfield>
          <marc:datafield tag="010" ind1=" " ind2=" ">
            <marc:subfield code="a">   67011537 </marc:subfield>
            <marc:subfield code="z">sn 85022403 </marc:subfield>
          </marc:datafield>
          <marc:datafield tag="012" ind1=" " ind2=" ">
            <marc:subfield code="a">2</marc:subfield>
            <marc:subfield code="b">3</marc:subfield>
            <marc:subfield code="i">8511</marc:subfield>
            <marc:subfield code="l">1</marc:subfield>
          </marc:datafield>
          <marc:datafield tag="019" ind1=" " ind2=" ">
            <marc:subfield code="a">324841</marc:subfield>
            <marc:subfield code="a">1049195</marc:subfield>
            <marc:subfield code="a">2260485</marc:subfield>
            <marc:subfield code="a">31614904</marc:subfield>
          </marc:datafield>
          <marc:datafield tag="022" ind1="0" ind2=" ">
            <marc:subfield code="a">0084-2281</marc:subfield>
            <marc:subfield code="2">1</marc:subfield>
          </marc:datafield>
          <marc:datafield tag="029" ind1="1" ind2=" ">
            <marc:subfield code="a">YDXCP</marc:subfield>
            <marc:subfield code="b">2250923</marc:subfield>
          </marc:datafield>
          <marc:datafield tag="029" ind1="1" ind2=" ">
            <marc:subfield code="a">NZ1</marc:subfield>
            <marc:subfield code="b">2777783</marc:subfield>
          </marc:datafield>
          <marc:datafield tag="029" ind1="1" ind2=" ">
            <marc:subfield code="a">AU@</marc:subfield>
            <marc:subfield code="b">000000964942</marc:subfield>
          </marc:datafield>
          <marc:datafield tag="035" ind1=" " ind2=" ">
            <marc:subfield code="a">(OCoLC)ocm01625885</marc:subfield>
          </marc:datafield>
          <marc:datafield tag="037" ind1=" " ind2=" ">
            <marc:subfield code="b">Stryker-Post Publications, Inc., 888 17th St., N.W., Washington, D.C. 20006</marc:subfield>
          </marc:datafield>
          <marc:datafield tag="040" ind1=" " ind2=" ">
            <marc:subfield code="a">DLC</marc:subfield>
            <marc:subfield code="c">FUL</marc:subfield>
            <marc:subfield code="d">YUS</marc:subfield>
            <marc:subfield code="d">MUL</marc:subfield>
            <marc:subfield code="d">UCU</marc:subfield>
            <marc:subfield code="d">OCL</marc:subfield>
            <marc:subfield code="d">NSD</marc:subfield>
            <marc:subfield code="d">OCL</marc:subfield>
            <marc:subfield code="d">IUL</marc:subfield>
            <marc:subfield code="d">NST</marc:subfield>
            <marc:subfield code="d">OCL</marc:subfield>
            <marc:subfield code="d">DLC</marc:subfield>
            <marc:subfield code="d">IUL</marc:subfield>
            <marc:subfield code="d">EYM</marc:subfield>
            <marc:subfield code="d">DLC</marc:subfield>
            <marc:subfield code="d">ELM</marc:subfield>
            <marc:subfield code="d">DLC</marc:subfield>
            <marc:subfield code="d">IUL</marc:subfield>
            <marc:subfield code="d">LVB</marc:subfield>
            <marc:subfield code="d">CDS</marc:subfield>
            <marc:subfield code="d">OCLCQ</marc:subfield>
            <marc:subfield code="d">VVW</marc:subfield>
          </marc:datafield>
          <marc:datafield tag="042" ind1=" " ind2=" ">
            <marc:subfield code="a">nsdp</marc:subfield>
            <marc:subfield code="a">lc</marc:subfield>
          </marc:datafield>
          <marc:datafield tag="043" ind1=" " ind2=" ">
            <marc:subfield code="a">f------</marc:subfield>
          </marc:datafield>
          <marc:datafield tag="049" ind1=" " ind2=" ">
            <marc:subfield code="a">IAIA</marc:subfield>
          </marc:datafield>
          <marc:datafield tag="050" ind1="0" ind2="0">
            <marc:subfield code="a">DT1</marc:subfield>
            <marc:subfield code="b">.D6</marc:subfield>
          </marc:datafield>
          <marc:datafield tag="050" ind1="1" ind2="4">
            <marc:subfield code="a">Q960 A</marc:subfield>
          </marc:datafield>
          <marc:datafield tag="082" ind1="0" ind2="4">
            <marc:subfield code="a">916</marc:subfield>
          </marc:datafield>
          <marc:datafield tag="130" ind1="0" ind2=" ">
            <marc:subfield code="a">Africa (Washington, D.C. : 1966)</marc:subfield>
          </marc:datafield>
          <marc:datafield tag="210" ind1="0" ind2=" ">
            <marc:subfield code="a">Africa</marc:subfield>
            <marc:subfield code="b">(Washington, D.C.)</marc:subfield>
          </marc:datafield>
          <marc:datafield tag="222" ind1=" " ind2="0">
            <marc:subfield code="a">Africa</marc:subfield>
            <marc:subfield code="b">(Washington, D.C.)</marc:subfield>
          </marc:datafield>
          <marc:datafield tag="245" ind1="1" ind2="0">
            <marc:subfield code="a">Africa.</marc:subfield>
          </marc:datafield>
          <marc:datafield tag="260" ind1=" " ind2=" ">
            <marc:subfield code="a">Washington, D.C. :</marc:subfield>
            <marc:subfield code="b">Stryker-Post Publications</marc:subfield>
          </marc:datafield>
          <marc:datafield tag="300" ind1=" " ind2=" ">
            <marc:subfield code="a">v. :</marc:subfield>
            <marc:subfield code="b">ill., maps, ports. ;</marc:subfield>
            <marc:subfield code="c">28 cm.</marc:subfield>
          </marc:datafield>
          <marc:datafield tag="310" ind1=" " ind2=" ">
            <marc:subfield code="a">Annual</marc:subfield>
          </marc:datafield>
          <marc:datafield tag="362" ind1="1" ind2=" ">
            <marc:subfield code="a">Began with 1966.</marc:subfield>
          </marc:datafield>
          <marc:datafield tag="490" ind1="1" ind2=" ">
            <marc:subfield code="a">The World today series</marc:subfield>
          </marc:datafield>
          <marc:datafield tag="500" ind1=" " ind2=" ">
            <marc:subfield code="a">Vols. for 1966-&lt;1989&gt; by P.E. Dostert.</marc:subfield>
          </marc:datafield>
          <marc:datafield tag="500" ind1=" " ind2=" ">
            <marc:subfield code="a">Description based on: 1967.</marc:subfield>
          </marc:datafield>
          <marc:datafield tag="500" ind1=" " ind2=" ">
            <marc:subfield code="a">Latest issue consulted: 1989.</marc:subfield>
          </marc:datafield>
          <marc:datafield tag="515" ind1=" " ind2=" ">
            <marc:subfield code="a">Issues for &lt;1989-&gt; called also &lt;24th annual ed.-&gt;</marc:subfield>
          </marc:datafield>
          <marc:datafield tag="530" ind1=" " ind2=" ">
            <marc:subfield code="a">Also issued online.</marc:subfield>
          </marc:datafield>
          <marc:datafield tag="651" ind1=" " ind2="0">
            <marc:subfield code="a">Africa</marc:subfield>
            <marc:subfield code="v">Periodicals.</marc:subfield>
          </marc:datafield>
          <marc:datafield tag="651" ind1=" " ind2="6">
            <marc:subfield code="a">Afrique</marc:subfield>
            <marc:subfield code="v">Pe패riodiques.</marc:subfield>
          </marc:datafield>
          <marc:datafield tag="700" ind1="1" ind2=" ">
            <marc:subfield code="a">Dostert, Pierre Etienne.</marc:subfield>
          </marc:datafield>
          <marc:datafield tag="830" ind1=" " ind2="0">
            <marc:subfield code="a">World today series.</marc:subfield>
          </marc:datafield>
          <marc:datafield tag="850" ind1=" " ind2=" ">
            <marc:subfield code="a">CSf</marc:subfield>
            <marc:subfield code="a">DLC</marc:subfield>
            <marc:subfield code="a">InU</marc:subfield>
            <marc:subfield code="a">MiU</marc:subfield>
            <marc:subfield code="a">NNC</marc:subfield>
            <marc:subfield code="a">NcD</marc:subfield>
            <marc:subfield code="a">PU-W</marc:subfield>
          </marc:datafield>
          <marc:datafield tag="891" ind1="2" ind2="0">
            <marc:subfield code="9">853</marc:subfield>
            <marc:subfield code="8">1</marc:subfield>
            <marc:subfield code="a">+ed.</marc:subfield>
            <marc:subfield code="i">(year)</marc:subfield>
            <marc:subfield code="w">a</marc:subfield>
          </marc:datafield>
          <marc:datafield tag="891" ind1="4" ind2="1">
            <marc:subfield code="9">863</marc:subfield>
            <marc:subfield code="8">1.1</marc:subfield>
            <marc:subfield code="a">&lt;37 &gt;</marc:subfield>
            <marc:subfield code="i">&lt;2002 &gt;</marc:subfield>
          </marc:datafield>
          <marc:datafield tag="994" ind1=" " ind2=" ">
            <marc:subfield code="a">C0</marc:subfield>
            <marc:subfield code="b">IAI</marc:subfield>
          </marc:datafield>
        </marc:record>
      </metadata>
    </record>