
    <record>
      <header>
        <identifier>oai:library.rochester.edu:URVoyager1/352</identifier>
        <datestamp>2012-06-05T18:53:48Z</datestamp>
        <setSpec>bib</setSpec>
      </header>
      <metadata>
        <marc:record xmlns:marc="http://www.loc.gov/MARC21/slim" xmlns:xsi="http://www.w3.org/2001/XMLSchema-instance" xsi:schemaLocation="http://www.loc.gov/MARC21/slim http://localhost:8080/OAIToolkit/schema/MARC21slim_custom.xsd">
          <marc:leader>01812cas a2200469 a 4500</marc:leader>
          <marc:controlfield tag="001">605269</marc:controlfield>
          <marc:controlfield tag="003">ISUdb</marc:controlfield>
          <marc:controlfield tag="005">20110804140152.0</marc:controlfield>
          <marc:controlfield tag="008">820326c19829999dcuar         0   a0eng c</marc:controlfield>
          <marc:datafield tag="010" ind1=" " ind2=" ">
            <marc:subfield code="a">   83643780 </marc:subfield>
            <marc:subfield code="z">sn 82002256 </marc:subfield>
          </marc:datafield>
          <marc:datafield tag="012" ind1=" " ind2=" ">
            <marc:subfield code="a">3</marc:subfield>
            <marc:subfield code="b">3</marc:subfield>
            <marc:subfield code="k">1</marc:subfield>
            <marc:subfield code="l">1</marc:subfield>
          </marc:datafield>
          <marc:datafield tag="022" ind1="0" ind2=" ">
            <marc:subfield code="a">0084-2338</marc:subfield>
            <marc:subfield code="l">0084-2338</marc:subfield>
            <marc:subfield code="2">1</marc:subfield>
          </marc:datafield>
          <marc:datafield tag="035" ind1=" " ind2=" ">
            <marc:subfield code="a">(OCoLC)ocm08275645</marc:subfield>
          </marc:datafield>
          <marc:datafield tag="037" ind1=" " ind2=" ">
            <marc:subfield code="b">Stryker-Post Publications, P.O. Drawer 1200, Harpers Ferry, WV 25425</marc:subfield>
          </marc:datafield>
          <marc:datafield tag="040" ind1=" " ind2=" ">
            <marc:subfield code="a">NSD</marc:subfield>
            <marc:subfield code="b">eng</marc:subfield>
            <marc:subfield code="c">NSD</marc:subfield>
            <marc:subfield code="d">DLC</marc:subfield>
            <marc:subfield code="d">NST</marc:subfield>
            <marc:subfield code="d">OCL</marc:subfield>
            <marc:subfield code="d">DLC</marc:subfield>
            <marc:subfield code="d">NST</marc:subfield>
            <marc:subfield code="d">IUL</marc:subfield>
            <marc:subfield code="d">NST</marc:subfield>
            <marc:subfield code="d">IUL</marc:subfield>
            <marc:subfield code="d">NST</marc:subfield>
            <marc:subfield code="d">IUL</marc:subfield>
            <marc:subfield code="d">GUA</marc:subfield>
            <marc:subfield code="d">DLC</marc:subfield>
            <marc:subfield code="d">OCLCG</marc:subfield>
            <marc:subfield code="d">VVW</marc:subfield>
            <marc:subfield code="d">OCLCQ</marc:subfield>
          </marc:datafield>
          <marc:datafield tag="042" ind1=" " ind2=" ">
            <marc:subfield code="a">pcc</marc:subfield>
            <marc:subfield code="a">nsdp</marc:subfield>
          </marc:datafield>
          <marc:datafield tag="043" ind1=" " ind2=" ">
            <marc:subfield code="a">e------</marc:subfield>
          </marc:datafield>
          <marc:datafield tag="049" ind1=" " ind2=" ">
            <marc:subfield code="a">IAIA</marc:subfield>
          </marc:datafield>
          <marc:datafield tag="050" ind1="0" ind2="0">
            <marc:subfield code="a">D901</marc:subfield>
            <marc:subfield code="b">.W47</marc:subfield>
          </marc:datafield>
          <marc:datafield tag="050" ind1="1" ind2="4">
            <marc:subfield code="a">Q940 W</marc:subfield>
          </marc:datafield>
          <marc:datafield tag="082" ind1="0" ind2="4">
            <marc:subfield code="a">940/.05</marc:subfield>
            <marc:subfield code="2">19</marc:subfield>
          </marc:datafield>
          <marc:datafield tag="130" ind1="0" ind2=" ">
            <marc:subfield code="a">Western Europe (Washington, D.C.)</marc:subfield>
          </marc:datafield>
          <marc:datafield tag="210" ind1="0" ind2=" ">
            <marc:subfield code="a">West. Eur.</marc:subfield>
            <marc:subfield code="b">(Washington, D.C. : 1982)</marc:subfield>
          </marc:datafield>
          <marc:datafield tag="222" ind1=" " ind2="0">
            <marc:subfield code="a">Western Europe</marc:subfield>
            <marc:subfield code="b">(Washington, D.C. : 1982)</marc:subfield>
          </marc:datafield>
          <marc:datafield tag="245" ind1="1" ind2="0">
            <marc:subfield code="a">Western Europe.</marc:subfield>
          </marc:datafield>
          <marc:datafield tag="260" ind1=" " ind2=" ">
            <marc:subfield code="a">Washington, D.C. :</marc:subfield>
            <marc:subfield code="b">Stryker-Post Publications,</marc:subfield>
            <marc:subfield code="c">1982-</marc:subfield>
          </marc:datafield>
          <marc:datafield tag="300" ind1=" " ind2=" ">
            <marc:subfield code="a">v. :</marc:subfield>
            <marc:subfield code="b">ill. ;</marc:subfield>
            <marc:subfield code="c">28 cm.</marc:subfield>
          </marc:datafield>
          <marc:datafield tag="310" ind1=" " ind2=" ">
            <marc:subfield code="a">Annual</marc:subfield>
          </marc:datafield>
          <marc:datafield tag="362" ind1="0" ind2=" ">
            <marc:subfield code="a">[1st ed.] (1982)-</marc:subfield>
          </marc:datafield>
          <marc:datafield tag="490" ind1="1" ind2=" ">
            <marc:subfield code="a">The World today series</marc:subfield>
          </marc:datafield>
          <marc:datafield tag="500" ind1=" " ind2=" ">
            <marc:subfield code="a">Written by: W.C. Thompson; some issues assisted by: M.H. Mullin.</marc:subfield>
          </marc:datafield>
          <marc:datafield tag="515" ind1=" " ind2=" ">
            <marc:subfield code="a">Issues for &lt;1989-&gt; called also &lt;8th annual ed.-&gt;</marc:subfield>
          </marc:datafield>
          <marc:datafield tag="588" ind1=" " ind2=" ">
            <marc:subfield code="a">Latest issue consulted: 23rd ed. (2004).</marc:subfield>
          </marc:datafield>
          <marc:datafield tag="651" ind1=" " ind2="0">
            <marc:subfield code="a">Europe</marc:subfield>
            <marc:subfield code="v">Periodicals.</marc:subfield>
          </marc:datafield>
          <marc:datafield tag="700" ind1="1" ind2=" ">
            <marc:subfield code="a">Thompson, Wayne C.,</marc:subfield>
            <marc:subfield code="d">1943-</marc:subfield>
          </marc:datafield>
          <marc:datafield tag="700" ind1="1" ind2=" ">
            <marc:subfield code="a">Mullin, Mark H.,</marc:subfield>
            <marc:subfield code="d">1940-</marc:subfield>
          </marc:datafield>
          <marc:datafield tag="776" ind1="0" ind2="8">
            <marc:subfield code="i">Online version:</marc:subfield>
            <marc:subfield code="t">Western Europe (Washington, D.C.)</marc:subfield>
            <marc:subfield code="w">(OCoLC)607908914</marc:subfield>
          </marc:datafield>
          <marc:datafield tag="830" ind1=" " ind2="0">
            <marc:subfield code="a">World today series.</marc:subfield>
          </marc:datafield>
          <marc:datafield tag="850" ind1=" " ind2=" ">
            <marc:subfield code="a">AAP</marc:subfield>
            <marc:subfield code="a">AU</marc:subfield>
            <marc:subfield code="a">AzU</marc:subfield>
            <marc:subfield code="a">CSt-H</marc:subfield>
            <marc:subfield code="a">CU-S</marc:subfield>
            <marc:subfield code="a">CU-SB</marc:subfield>
            <marc:subfield code="a">CaAEU</marc:subfield>
            <marc:subfield code="a">CaMWU</marc:subfield>
            <marc:subfield code="a">CaOWtU</marc:subfield>
            <marc:subfield code="a">CoFS</marc:subfield>
            <marc:subfield code="a">CtY</marc:subfield>
            <marc:subfield code="a">DGW</marc:subfield>
            <marc:subfield code="a">DLC</marc:subfield>
            <marc:subfield code="a">DeU</marc:subfield>
            <marc:subfield code="a">FU</marc:subfield>
            <marc:subfield code="a">IC</marc:subfield>
            <marc:subfield code="a">INS</marc:subfield>
            <marc:subfield code="a">IaAS</marc:subfield>
            <marc:subfield code="a">IaU</marc:subfield>
            <marc:subfield code="a">InU</marc:subfield>
            <marc:subfield code="a">LNT</marc:subfield>
            <marc:subfield code="a">MBU</marc:subfield>
            <marc:subfield code="a">MdU</marc:subfield>
            <marc:subfield code="a">MiD</marc:subfield>
            <marc:subfield code="a">MiU</marc:subfield>
            <marc:subfield code="a">MoSU</marc:subfield>
            <marc:subfield code="a">NBC</marc:subfield>
            <marc:subfield code="a">NN</marc:subfield>
            <marc:subfield code="a">NNC</marc:subfield>
            <marc:subfield code="a">NcD</marc:subfield>
            <marc:subfield code="a">NcU</marc:subfield>
            <marc:subfield code="a">NdU</marc:subfield>
            <marc:subfield code="a">NjP</marc:subfield>
            <marc:subfield code="a">OC</marc:subfield>
            <marc:subfield code="a">P</marc:subfield>
            <marc:subfield code="a">PPD</marc:subfield>
            <marc:subfield code="a">PPT</marc:subfield>
            <marc:subfield code="a">PU-W</marc:subfield>
            <marc:subfield code="a">TU</marc:subfield>
            <marc:subfield code="a">TxDaM</marc:subfield>
            <marc:subfield code="a">UPB</marc:subfield>
            <marc:subfield code="a">ViW</marc:subfield>
          </marc:datafield>
          <marc:datafield tag="891" ind1="2" ind2="0">
            <marc:subfield code="9">853</marc:subfield>
            <marc:subfield code="8">1</marc:subfield>
            <marc:subfield code="a">+ed.</marc:subfield>
            <marc:subfield code="i">(year)</marc:subfield>
            <marc:subfield code="w">a</marc:subfield>
          </marc:datafield>
          <marc:datafield tag="891" ind1="4" ind2="1">
            <marc:subfield code="9">863</marc:subfield>
            <marc:subfield code="8">1.1</marc:subfield>
            <marc:subfield code="a">&lt;20&gt;</marc:subfield>
            <marc:subfield code="i">&lt;2001&gt;</marc:subfield>
          </marc:datafield>
          <marc:datafield tag="994" ind1=" " ind2=" ">
            <marc:subfield code="a">C0</marc:subfield>
            <marc:subfield code="b">IAI</marc:subfield>
          </marc:datafield>
        </marc:record>
      </metadata>
    </record>