
    <record>
      <header>
        <identifier>oai:library.rochester.edu:URVoyager1/355</identifier>
        <datestamp>2012-06-05T18:53:48Z</datestamp>
        <setSpec>bib</setSpec>
      </header>
      <metadata>
        <marc:record xmlns:marc="http://www.loc.gov/MARC21/slim" xmlns:xsi="http://www.w3.org/2001/XMLSchema-instance" xsi:schemaLocation="http://www.loc.gov/MARC21/slim http://localhost:8080/OAIToolkit/schema/MARC21slim_custom.xsd">
          <marc:leader>00920nas a2200301   4500</marc:leader>
          <marc:controlfield tag="001">77395</marc:controlfield>
          <marc:controlfield tag="003">ISUdb</marc:controlfield>
          <marc:controlfield tag="005">20020415160837.0</marc:controlfield>
          <marc:controlfield tag="008">740212c19729999nyuau1    b   0uuua0eng  </marc:controlfield>
          <marc:datafield tag="022" ind1=" " ind2=" ">
            <marc:subfield code="a">0092-4563</marc:subfield>
          </marc:datafield>
          <marc:datafield tag="035" ind1=" " ind2=" ">
            <marc:subfield code="a">(OCoLC)ocm01783623</marc:subfield>
          </marc:datafield>
          <marc:datafield tag="035" ind1=" " ind2=" ">
            <marc:subfield code="9">ABG-2481</marc:subfield>
          </marc:datafield>
          <marc:datafield tag="040" ind1=" " ind2=" ">
            <marc:subfield code="a">DLC</marc:subfield>
            <marc:subfield code="c">DLC</marc:subfield>
            <marc:subfield code="d">UIU</marc:subfield>
            <marc:subfield code="d">m.c.1</marc:subfield>
          </marc:datafield>
          <marc:datafield tag="042" ind1=" " ind2=" ">
            <marc:subfield code="a">lc</marc:subfield>
            <marc:subfield code="a">nsdp</marc:subfield>
          </marc:datafield>
          <marc:datafield tag="050" ind1="0" ind2="0">
            <marc:subfield code="a">P1</marc:subfield>
            <marc:subfield code="b">.S9</marc:subfield>
          </marc:datafield>
          <marc:datafield tag="082" ind1=" " ind2=" ">
            <marc:subfield code="a">410/.5</marc:subfield>
          </marc:datafield>
          <marc:datafield tag="222" ind1="0" ind2="0">
            <marc:subfield code="a">Syntax and semantics</marc:subfield>
          </marc:datafield>
          <marc:datafield tag="245" ind1="0" ind2="0">
            <marc:subfield code="a">Syntax and semantics.</marc:subfield>
          </marc:datafield>
          <marc:datafield tag="260" ind1="0" ind2="0">
            <marc:subfield code="a">New York,</marc:subfield>
            <marc:subfield code="b">Seminar Press.</marc:subfield>
          </marc:datafield>
          <marc:datafield tag="265" ind1=" " ind2=" ">
            <marc:subfield code="a">111 Fifth Avenue, 10003</marc:subfield>
          </marc:datafield>
          <marc:datafield tag="300" ind1=" " ind2=" ">
            <marc:subfield code="b">illus.</marc:subfield>
            <marc:subfield code="c">24 cm.</marc:subfield>
          </marc:datafield>
          <marc:datafield tag="350" ind1=" " ind2=" ">
            <marc:subfield code="a">$14.50</marc:subfield>
          </marc:datafield>
          <marc:datafield tag="362" ind1="0" ind2=" ">
            <marc:subfield code="a">v. 1-   1972-</marc:subfield>
          </marc:datafield>
          <marc:datafield tag="520" ind1=" " ind2=" ">
            <marc:subfield code="a">Vols. for 1972-    include papers from the Summer Linguistics Conference, University of California, Santa Cruz.</marc:subfield>
          </marc:datafield>
          <marc:datafield tag="690" ind1=" " ind2="0">
            <marc:subfield code="a">Semantics.</marc:subfield>
          </marc:datafield>
          <marc:datafield tag="690" ind1=" " ind2="0">
            <marc:subfield code="a">General grammar.</marc:subfield>
          </marc:datafield>
          <marc:datafield tag="690" ind1=" " ind2="0">
            <marc:subfield code="a">Grammar, Comparative and general</marc:subfield>
            <marc:subfield code="x">Syntax.</marc:subfield>
          </marc:datafield>
          <marc:datafield tag="711" ind1="2" ind2="1">
            <marc:subfield code="a">Summer Linguistics Conference</marc:subfield>
            <marc:subfield code="d">(1971 :</marc:subfield>
            <marc:subfield code="c">University of California, Santa Cruz)</marc:subfield>
          </marc:datafield>
        </marc:record>
      </metadata>
    </record>