
    <record>
      <header>
        <identifier>oai:library.rochester.edu:URVoyager1/360</identifier>
        <datestamp>2012-06-05T18:53:48Z</datestamp>
        <setSpec>bib</setSpec>
      </header>
      <metadata>
        <marc:record xmlns:marc="http://www.loc.gov/MARC21/slim" xmlns:xsi="http://www.w3.org/2001/XMLSchema-instance" xsi:schemaLocation="http://www.loc.gov/MARC21/slim http://localhost:8080/OAIToolkit/schema/MARC21slim_custom.xsd">
          <marc:leader>01053cas a2200337 a 4500</marc:leader>
          <marc:controlfield tag="001">82071</marc:controlfield>
          <marc:controlfield tag="003">SIEdb</marc:controlfield>
          <marc:controlfield tag="005">20020415230840.0</marc:controlfield>
          <marc:controlfield tag="007">cr unu    </marc:controlfield>
          <marc:controlfield tag="008">741112c19699999nyubr1p       0uuua0eng  </marc:controlfield>
          <marc:datafield tag="022" ind1=" " ind2=" ">
            <marc:subfield code="a">0022-314X</marc:subfield>
          </marc:datafield>
          <marc:datafield tag="030" ind1=" " ind2=" ">
            <marc:subfield code="a">JNUTA</marc:subfield>
          </marc:datafield>
          <marc:datafield tag="035" ind1=" " ind2=" ">
            <marc:subfield code="a">(OCoLC)ocm01800049</marc:subfield>
          </marc:datafield>
          <marc:datafield tag="035" ind1=" " ind2=" ">
            <marc:subfield code="9">ACH-9465</marc:subfield>
          </marc:datafield>
          <marc:datafield tag="040" ind1=" " ind2=" ">
            <marc:subfield code="a">DLC</marc:subfield>
            <marc:subfield code="c">DLC</marc:subfield>
            <marc:subfield code="d">NSD</marc:subfield>
            <marc:subfield code="d">DLC</marc:subfield>
            <marc:subfield code="d">OCL</marc:subfield>
            <marc:subfield code="d">UIU</marc:subfield>
          </marc:datafield>
          <marc:datafield tag="042" ind1=" " ind2=" ">
            <marc:subfield code="a">lc</marc:subfield>
            <marc:subfield code="a">nsdp</marc:subfield>
          </marc:datafield>
          <marc:datafield tag="050" ind1="0" ind2=" ">
            <marc:subfield code="a">QA241</marc:subfield>
            <marc:subfield code="b">.J67</marc:subfield>
          </marc:datafield>
          <marc:datafield tag="082" ind1=" " ind2=" ">
            <marc:subfield code="a">512/.81/05</marc:subfield>
          </marc:datafield>
          <marc:datafield tag="222" ind1="0" ind2="0">
            <marc:subfield code="a">Journal of number theory</marc:subfield>
          </marc:datafield>
          <marc:datafield tag="245" ind1="0" ind2="0">
            <marc:subfield code="a">Journal of number theory.</marc:subfield>
          </marc:datafield>
          <marc:datafield tag="260" ind1="0" ind2="0">
            <marc:subfield code="a">New York ;</marc:subfield>
            <marc:subfield code="a">London :</marc:subfield>
            <marc:subfield code="b">Academic Press,</marc:subfield>
            <marc:subfield code="c">1969-</marc:subfield>
          </marc:datafield>
          <marc:datafield tag="300" ind1=" " ind2=" ">
            <marc:subfield code="a">v. ;</marc:subfield>
            <marc:subfield code="c">23 cm.</marc:subfield>
          </marc:datafield>
          <marc:datafield tag="310" ind1=" " ind2=" ">
            <marc:subfield code="a">Bimonthly</marc:subfield>
            <marc:subfield code="b">1982-</marc:subfield>
          </marc:datafield>
          <marc:datafield tag="321" ind1=" " ind2=" ">
            <marc:subfield code="a">Quarterly</marc:subfield>
            <marc:subfield code="b">1969-1981</marc:subfield>
          </marc:datafield>
          <marc:datafield tag="350" ind1=" " ind2=" ">
            <marc:subfield code="a">$148.00 (U.S.)</marc:subfield>
            <marc:subfield code="a">$171.50 (foreign)</marc:subfield>
          </marc:datafield>
          <marc:datafield tag="362" ind1="0" ind2=" ">
            <marc:subfield code="a">Vol. 1, no. 1 (Jan. 1969)-</marc:subfield>
          </marc:datafield>
          <marc:datafield tag="510" ind1="0" ind2=" ">
            <marc:subfield code="a">Mathematical reviews.</marc:subfield>
            <marc:subfield code="x">0025-5629</marc:subfield>
          </marc:datafield>
          <marc:datafield tag="530" ind1=" " ind2=" ">
            <marc:subfield code="a">Also available to subscribers via the World Wide Web.</marc:subfield>
          </marc:datafield>
          <marc:datafield tag="650" ind1=" " ind2="0">
            <marc:subfield code="a">Number theory</marc:subfield>
            <marc:subfield code="x">Periodicals.</marc:subfield>
          </marc:datafield>
          <marc:datafield tag="776" ind1="1" ind2=" ">
            <marc:subfield code="t">Journal of number theory (Online)</marc:subfield>
            <marc:subfield code="x">1096-1658</marc:subfield>
            <marc:subfield code="w">(DLC)sn 97000935</marc:subfield>
            <marc:subfield code="w">(OCoLC)36945904</marc:subfield>
          </marc:datafield>
          <marc:datafield tag="856" ind1="4" ind2="1">
            <marc:subfield code="u">http://www.idealibrary.com/links/toc/jnth</marc:subfield>
          </marc:datafield>
        </marc:record>
      </metadata>
    </record>