
    <record>
      <header>
        <identifier>oai:library.rochester.edu:URVoyager1/361</identifier>
        <datestamp>2012-06-05T18:53:48Z</datestamp>
        <setSpec>bib</setSpec>
      </header>
      <metadata>
        <marc:record xmlns:marc="http://www.loc.gov/MARC21/slim" xmlns:xsi="http://www.w3.org/2001/XMLSchema-instance" xsi:schemaLocation="http://www.loc.gov/MARC21/slim http://localhost:8080/OAIToolkit/schema/MARC21slim_custom.xsd">
          <marc:leader>01346cas a2200337 a 4500</marc:leader>
          <marc:controlfield tag="001">82064</marc:controlfield>
          <marc:controlfield tag="003">SIEdb</marc:controlfield>
          <marc:controlfield tag="005">20020415230840.0</marc:controlfield>
          <marc:controlfield tag="008">750720c19369999pl  x p       0uu1a0pol d</marc:controlfield>
          <marc:datafield tag="022" ind1=" " ind2=" ">
            <marc:subfield code="a">0065-1036</marc:subfield>
          </marc:datafield>
          <marc:datafield tag="035" ind1=" " ind2=" ">
            <marc:subfield code="a">(OCoLC)ocm01460834</marc:subfield>
          </marc:datafield>
          <marc:datafield tag="035" ind1=" " ind2=" ">
            <marc:subfield code="9">ACH-9429</marc:subfield>
          </marc:datafield>
          <marc:datafield tag="040" ind1=" " ind2=" ">
            <marc:subfield code="a">MUL</marc:subfield>
            <marc:subfield code="c">MUL</marc:subfield>
            <marc:subfield code="d">SUL</marc:subfield>
            <marc:subfield code="d">COO</marc:subfield>
            <marc:subfield code="d">YUS</marc:subfield>
            <marc:subfield code="d">IUL</marc:subfield>
            <marc:subfield code="d">FUG</marc:subfield>
            <marc:subfield code="d">UIU</marc:subfield>
          </marc:datafield>
          <marc:datafield tag="041" ind1="0" ind2=" ">
            <marc:subfield code="a">engger</marc:subfield>
          </marc:datafield>
          <marc:datafield tag="222" ind1="0" ind2="0">
            <marc:subfield code="a">Acta arithmetica</marc:subfield>
          </marc:datafield>
          <marc:datafield tag="245" ind1="0" ind2="0">
            <marc:subfield code="a">Acta arithmetica.</marc:subfield>
          </marc:datafield>
          <marc:datafield tag="260" ind1="0" ind2="0">
            <marc:subfield code="a">Warszawa :</marc:subfield>
            <marc:subfield code="b">Seminarjum Matematyczne Uniwersytetu,</marc:subfield>
            <marc:subfield code="c">1936-</marc:subfield>
          </marc:datafield>
          <marc:datafield tag="300" ind1=" " ind2=" ">
            <marc:subfield code="a">v. ;</marc:subfield>
            <marc:subfield code="c">26 cm.</marc:subfield>
          </marc:datafield>
          <marc:datafield tag="362" ind1="0" ind2=" ">
            <marc:subfield code="a">1 (1935/36)-</marc:subfield>
          </marc:datafield>
          <marc:datafield tag="510" ind1="0" ind2=" ">
            <marc:subfield code="a">Mathematical reviews.</marc:subfield>
            <marc:subfield code="x">0025-5629</marc:subfield>
          </marc:datafield>
          <marc:datafield tag="515" ind1=" " ind2=" ">
            <marc:subfield code="a">Publication suspended 1940-1957.</marc:subfield>
          </marc:datafield>
          <marc:datafield tag="515" ind1=" " ind2=" ">
            <marc:subfield code="a">Volumes 4-5 issued combined.</marc:subfield>
          </marc:datafield>
          <marc:datafield tag="546" ind1=" " ind2=" ">
            <marc:subfield code="a">Text in English or German.</marc:subfield>
          </marc:datafield>
          <marc:datafield tag="550" ind1="1" ind2=" ">
            <marc:subfield code="a">Vols. 1-3, published by Seminarium Matematyczne Uniwersytet; vols. 4-12 no. 2, by Polska Akademia Nauk, Instytut Matematyczny.</marc:subfield>
          </marc:datafield>
          <marc:datafield tag="550" ind1="1" ind2=" ">
            <marc:subfield code="a">Vol. 12 no. 3-vol. 16 published by Institut Mathe패matique de l'Academie Polonaise des Sciences.</marc:subfield>
          </marc:datafield>
          <marc:datafield tag="550" ind1="1" ind2=" ">
            <marc:subfield code="a">Imprint varies:  1935-1958, Warszawa, Seminarjum Matematyczne Uniwersytetu.--1959-    , Warszawa, Pa패nstwowe Wydawnictwo Naukowe.</marc:subfield>
          </marc:datafield>
          <marc:datafield tag="555" ind1=" " ind2=" ">
            <marc:subfield code="a">v. 1-15, 1935/36-1968/69 in v. 15.</marc:subfield>
          </marc:datafield>
          <marc:datafield tag="650" ind1=" " ind2="0">
            <marc:subfield code="a">Number theory.</marc:subfield>
          </marc:datafield>
          <marc:datafield tag="650" ind1=" " ind2="0">
            <marc:subfield code="a">Mathematics</marc:subfield>
            <marc:subfield code="v">Periodicals.</marc:subfield>
          </marc:datafield>
          <marc:datafield tag="710" ind1="2" ind2="1">
            <marc:subfield code="a">Instytut Matematyczny (Polska Akademia Nauk)</marc:subfield>
          </marc:datafield>
          <marc:datafield tag="710" ind1="2" ind2="0">
            <marc:subfield code="a">Uniwersytet Warszawski.</marc:subfield>
            <marc:subfield code="b">Seminarium Matematyczne.</marc:subfield>
          </marc:datafield>
        </marc:record>
      </metadata>
    </record>