
    <record>
      <header>
        <identifier>oai:library.rochester.edu:URVoyager1/367</identifier>
        <datestamp>2012-06-05T18:53:48Z</datestamp>
        <setSpec>bib</setSpec>
      </header>
      <metadata>
        <marc:record xmlns:marc="http://www.loc.gov/MARC21/slim" xmlns:xsi="http://www.w3.org/2001/XMLSchema-instance" xsi:schemaLocation="http://www.loc.gov/MARC21/slim http://localhost:8080/OAIToolkit/schema/MARC21slim_custom.xsd">
          <marc:leader>01628mas a2200457   4500</marc:leader>
          <marc:controlfield tag="001">593841</marc:controlfield>
          <marc:controlfield tag="003">UICdb</marc:controlfield>
          <marc:controlfield tag="005">20030805121621.0</marc:controlfield>
          <marc:controlfield tag="008">741112c19699999mnumn1p       0bdua0eng  </marc:controlfield>
          <marc:datafield tag="010" ind1=" " ind2=" ">
            <marc:subfield code="a">   78006864 </marc:subfield>
          </marc:datafield>
          <marc:datafield tag="022" ind1="0" ind2=" ">
            <marc:subfield code="a">0022-314X</marc:subfield>
          </marc:datafield>
          <marc:datafield tag="030" ind1=" " ind2=" ">
            <marc:subfield code="a">JNUTA9</marc:subfield>
          </marc:datafield>
          <marc:datafield tag="032" ind1=" " ind2=" ">
            <marc:subfield code="a">853880</marc:subfield>
            <marc:subfield code="b">USPS</marc:subfield>
          </marc:datafield>
          <marc:datafield tag="035" ind1=" " ind2=" ">
            <marc:subfield code="9">ACM5130UI</marc:subfield>
          </marc:datafield>
          <marc:datafield tag="040" ind1=" " ind2=" ">
            <marc:subfield code="a">DLC</marc:subfield>
            <marc:subfield code="c">DLC</marc:subfield>
            <marc:subfield code="d">NSD</marc:subfield>
            <marc:subfield code="d">DLC</marc:subfield>
            <marc:subfield code="d">OCL</marc:subfield>
            <marc:subfield code="d">AIP</marc:subfield>
            <marc:subfield code="d">NSD</marc:subfield>
            <marc:subfield code="d">AIP</marc:subfield>
            <marc:subfield code="d">OCL</marc:subfield>
            <marc:subfield code="d">HUL</marc:subfield>
          </marc:datafield>
          <marc:datafield tag="042" ind1=" " ind2=" ">
            <marc:subfield code="a">lc</marc:subfield>
            <marc:subfield code="a">nsdp</marc:subfield>
          </marc:datafield>
          <marc:datafield tag="050" ind1="0" ind2=" ">
            <marc:subfield code="a">QA241</marc:subfield>
            <marc:subfield code="b">.J67</marc:subfield>
          </marc:datafield>
          <marc:datafield tag="082" ind1=" " ind2=" ">
            <marc:subfield code="a">512/.81/05</marc:subfield>
          </marc:datafield>
          <marc:datafield tag="210" ind1="0" ind2=" ">
            <marc:subfield code="a">J. number theory</marc:subfield>
          </marc:datafield>
          <marc:datafield tag="222" ind1="0" ind2="0">
            <marc:subfield code="a">Journal of number theory</marc:subfield>
          </marc:datafield>
          <marc:datafield tag="245" ind1="0" ind2="0">
            <marc:subfield code="a">Journal of number theory.</marc:subfield>
          </marc:datafield>
          <marc:datafield tag="260" ind1="0" ind2="0">
            <marc:subfield code="a">Duluth, MN [etc.]</marc:subfield>
            <marc:subfield code="b">Academic Press.</marc:subfield>
          </marc:datafield>
          <marc:datafield tag="265" ind1=" " ind2=" ">
            <marc:subfield code="a">Academic Press, Inc., 1 East First St., Duluth, MN 55802.</marc:subfield>
          </marc:datafield>
          <marc:datafield tag="300" ind1=" " ind2=" ">
            <marc:subfield code="a">v.</marc:subfield>
            <marc:subfield code="b">illus.</marc:subfield>
            <marc:subfield code="c">24 cm.</marc:subfield>
          </marc:datafield>
          <marc:datafield tag="310" ind1=" " ind2=" ">
            <marc:subfield code="a">Monthly (except Apr., Aug., and Dec.),</marc:subfield>
            <marc:subfield code="b">1986-</marc:subfield>
          </marc:datafield>
          <marc:datafield tag="321" ind1=" " ind2=" ">
            <marc:subfield code="a">Frequency varies,</marc:subfield>
            <marc:subfield code="b">1969-85</marc:subfield>
          </marc:datafield>
          <marc:datafield tag="350" ind1=" " ind2=" ">
            <marc:subfield code="a">$354.00 (U.S.)</marc:subfield>
            <marc:subfield code="a">$443.50 (foreign)</marc:subfield>
          </marc:datafield>
          <marc:datafield tag="362" ind1="0" ind2=" ">
            <marc:subfield code="a">v. 1-   Jan. 1969-</marc:subfield>
          </marc:datafield>
          <marc:datafield tag="510" ind1="1" ind2=" ">
            <marc:subfield code="a">Mathematical reviews</marc:subfield>
            <marc:subfield code="x">0025-5629</marc:subfield>
          </marc:datafield>
          <marc:datafield tag="510" ind1="2" ind2=" ">
            <marc:subfield code="a">Computer &amp; control abstracts</marc:subfield>
            <marc:subfield code="x">0036-8113</marc:subfield>
            <marc:subfield code="b">Feb. 1982-</marc:subfield>
          </marc:datafield>
          <marc:datafield tag="510" ind1="2" ind2=" ">
            <marc:subfield code="a">Electrical &amp; electronics abstracts</marc:subfield>
            <marc:subfield code="x">0036-8105</marc:subfield>
            <marc:subfield code="b">Feb. 1982-</marc:subfield>
          </marc:datafield>
          <marc:datafield tag="510" ind1="2" ind2=" ">
            <marc:subfield code="a">Electronics and communications abstracts journal (Riverdale)</marc:subfield>
            <marc:subfield code="x">0361-3313</marc:subfield>
          </marc:datafield>
          <marc:datafield tag="510" ind1="2" ind2=" ">
            <marc:subfield code="a">ISMEC bulletin</marc:subfield>
            <marc:subfield code="x">0306-0039</marc:subfield>
          </marc:datafield>
          <marc:datafield tag="510" ind1="2" ind2=" ">
            <marc:subfield code="a">Physics abstracts. Science abstracts. Series A</marc:subfield>
            <marc:subfield code="x">0036-8091</marc:subfield>
            <marc:subfield code="b">Feb. 1982-</marc:subfield>
          </marc:datafield>
          <marc:datafield tag="510" ind1="2" ind2=" ">
            <marc:subfield code="a">Pollution abstracts with indexes</marc:subfield>
            <marc:subfield code="x">0032-3624</marc:subfield>
          </marc:datafield>
          <marc:datafield tag="510" ind1="2" ind2=" ">
            <marc:subfield code="a">Safety science abstracts journal</marc:subfield>
            <marc:subfield code="x">0160-1342</marc:subfield>
          </marc:datafield>
          <marc:datafield tag="530" ind1=" " ind2=" ">
            <marc:subfield code="a">Later issues also available via the Internet.</marc:subfield>
          </marc:datafield>
          <marc:datafield tag="650" ind1=" " ind2="0">
            <marc:subfield code="a">Number theory</marc:subfield>
            <marc:subfield code="x">Periodicals.</marc:subfield>
          </marc:datafield>
          <marc:datafield tag="776" ind1="1" ind2=" ">
            <marc:subfield code="t">Journal of number theory (Online)</marc:subfield>
            <marc:subfield code="x">1096-1658</marc:subfield>
          </marc:datafield>
          <marc:datafield tag="936" ind1=" " ind2=" ">
            <marc:subfield code="a">Jan. 1990</marc:subfield>
          </marc:datafield>
          <marc:datafield tag="948" ind1=" " ind2=" ">
            <marc:subfield code="a">sms</marc:subfield>
          </marc:datafield>
        </marc:record>
      </metadata>
    </record>