
    <record>
      <header>
        <identifier>oai:library.rochester.edu:URVoyager1/368</identifier>
        <datestamp>2012-06-05T18:53:48Z</datestamp>
        <setSpec>bib</setSpec>
      </header>
      <metadata>
        <marc:record xmlns:marc="http://www.loc.gov/MARC21/slim" xmlns:xsi="http://www.w3.org/2001/XMLSchema-instance" xsi:schemaLocation="http://www.loc.gov/MARC21/slim http://localhost:8080/OAIToolkit/schema/MARC21slim_custom.xsd">
          <marc:leader>01425mas a2200421 a 4500</marc:leader>
          <marc:controlfield tag="001">569922</marc:controlfield>
          <marc:controlfield tag="003">UICdb</marc:controlfield>
          <marc:controlfield tag="005">20011117130852.0</marc:controlfield>
          <marc:controlfield tag="008">750720c19369999pl  xzp  |||| 0uu1b0eng d</marc:controlfield>
          <marc:datafield tag="010" ind1=" " ind2=" ">
            <marc:subfield code="a">ac 38001584 //r862</marc:subfield>
          </marc:datafield>
          <marc:datafield tag="022" ind1=" " ind2=" ">
            <marc:subfield code="a">0065-1036</marc:subfield>
          </marc:datafield>
          <marc:datafield tag="030" ind1=" " ind2=" ">
            <marc:subfield code="a">AARIA9</marc:subfield>
          </marc:datafield>
          <marc:datafield tag="035" ind1=" " ind2=" ">
            <marc:subfield code="9">ACK1182UI</marc:subfield>
          </marc:datafield>
          <marc:datafield tag="040" ind1=" " ind2=" ">
            <marc:subfield code="a">MUL</marc:subfield>
            <marc:subfield code="c">MUL</marc:subfield>
            <marc:subfield code="d">SUL</marc:subfield>
            <marc:subfield code="d">COO</marc:subfield>
            <marc:subfield code="d">YUS</marc:subfield>
            <marc:subfield code="d">IUL</marc:subfield>
            <marc:subfield code="d">FUG</marc:subfield>
            <marc:subfield code="d">HUL</marc:subfield>
            <marc:subfield code="d">AIP</marc:subfield>
            <marc:subfield code="d">NSD</marc:subfield>
            <marc:subfield code="d">DLC</marc:subfield>
            <marc:subfield code="d">m/c</marc:subfield>
          </marc:datafield>
          <marc:datafield tag="041" ind1="0" ind2=" ">
            <marc:subfield code="a">engfregerpol</marc:subfield>
          </marc:datafield>
          <marc:datafield tag="042" ind1=" " ind2=" ">
            <marc:subfield code="a">nsdp</marc:subfield>
            <marc:subfield code="a">lc</marc:subfield>
          </marc:datafield>
          <marc:datafield tag="050" ind1="0" ind2=" ">
            <marc:subfield code="a">QA3</marc:subfield>
            <marc:subfield code="b">.A23</marc:subfield>
          </marc:datafield>
          <marc:datafield tag="210" ind1="0" ind2=" ">
            <marc:subfield code="a">Acta arith.</marc:subfield>
          </marc:datafield>
          <marc:datafield tag="222" ind1="0" ind2="0">
            <marc:subfield code="a">Acta arithmetica</marc:subfield>
          </marc:datafield>
          <marc:datafield tag="245" ind1="0" ind2="0">
            <marc:subfield code="a">Acta arithmetica.</marc:subfield>
          </marc:datafield>
          <marc:datafield tag="260" ind1="0" ind2="0">
            <marc:subfield code="a">Warszawa :</marc:subfield>
            <marc:subfield code="b">Seminarjum Matematyczne Uniwersytetu,</marc:subfield>
            <marc:subfield code="c">1936-</marc:subfield>
          </marc:datafield>
          <marc:datafield tag="300" ind1=" " ind2=" ">
            <marc:subfield code="a">v. ;</marc:subfield>
            <marc:subfield code="c">25 cm.</marc:subfield>
          </marc:datafield>
          <marc:datafield tag="310" ind1=" " ind2=" ">
            <marc:subfield code="a">Irregular</marc:subfield>
          </marc:datafield>
          <marc:datafield tag="362" ind1="0" ind2=" ">
            <marc:subfield code="a">1-</marc:subfield>
          </marc:datafield>
          <marc:datafield tag="500" ind1=" " ind2=" ">
            <marc:subfield code="a">Vols. 4-   published: Warszawa : Pan패stwowe Wydawn. Naukowe.</marc:subfield>
          </marc:datafield>
          <marc:datafield tag="500" ind1=" " ind2=" ">
            <marc:subfield code="a">Vols. 1-3 are reprints by Johnson Reprint Company.</marc:subfield>
          </marc:datafield>
          <marc:datafield tag="510" ind1="1" ind2=" ">
            <marc:subfield code="a">Mathematical reviews</marc:subfield>
            <marc:subfield code="x">0025-5629</marc:subfield>
          </marc:datafield>
          <marc:datafield tag="510" ind1="2" ind2=" ">
            <marc:subfield code="a">GeoRef</marc:subfield>
            <marc:subfield code="x">0197-7482</marc:subfield>
          </marc:datafield>
          <marc:datafield tag="515" ind1=" " ind2=" ">
            <marc:subfield code="a">Suspended 1940-57.</marc:subfield>
          </marc:datafield>
          <marc:datafield tag="546" ind1=" " ind2=" ">
            <marc:subfield code="a">English, French, German, and Polish.</marc:subfield>
          </marc:datafield>
          <marc:datafield tag="550" ind1="0" ind2=" ">
            <marc:subfield code="a">Vols. 1-3 issued by: Seminarium Matematyczne Uniwersytetu; v. 4-   by: Polska Akademia Nauk, Instytut Matematyczny.</marc:subfield>
          </marc:datafield>
          <marc:datafield tag="555" ind1=" " ind2=" ">
            <marc:subfield code="a">Vols. 1 (1935/36)-15 (1968/69) with v. 15.</marc:subfield>
          </marc:datafield>
          <marc:datafield tag="650" ind1=" " ind2="0">
            <marc:subfield code="a">Mathematics</marc:subfield>
            <marc:subfield code="x">Periodicals.</marc:subfield>
          </marc:datafield>
          <marc:datafield tag="650" ind1=" " ind2="0">
            <marc:subfield code="a">Number theory</marc:subfield>
            <marc:subfield code="x">Periodicals.</marc:subfield>
          </marc:datafield>
          <marc:datafield tag="710" ind1="2" ind2="1">
            <marc:subfield code="a">Uniwersytet Warszawski.</marc:subfield>
            <marc:subfield code="b">Seminarium Matematyczne.</marc:subfield>
            <marc:subfield code="w">cn</marc:subfield>
          </marc:datafield>
          <marc:datafield tag="710" ind1="2" ind2="0">
            <marc:subfield code="a">Instytut Matematyczny (Polska Akademia Nauk)</marc:subfield>
            <marc:subfield code="w">cn</marc:subfield>
          </marc:datafield>
          <marc:datafield tag="936" ind1=" " ind2=" ">
            <marc:subfield code="6">35, 3 LIC</marc:subfield>
          </marc:datafield>
          <marc:datafield tag="948" ind1=" " ind2=" ">
            <marc:subfield code="a">sms</marc:subfield>
          </marc:datafield>
        </marc:record>
      </metadata>
    </record>