
    <record>
      <header>
        <identifier>oai:library.rochester.edu:URVoyager1/373</identifier>
        <datestamp>2012-06-05T18:53:48Z</datestamp>
        <setSpec>bib</setSpec>
      </header>
      <metadata>
        <marc:record xmlns:marc="http://www.loc.gov/MARC21/slim" xmlns:xsi="http://www.w3.org/2001/XMLSchema-instance" xsi:schemaLocation="http://www.loc.gov/MARC21/slim http://localhost:8080/OAIToolkit/schema/MARC21slim_custom.xsd">
          <marc:leader>01368cas a22003738a 4500</marc:leader>
          <marc:controlfield tag="001">5978251</marc:controlfield>
          <marc:controlfield tag="003">UIUdb</marc:controlfield>
          <marc:controlfield tag="005">20090807162541.0</marc:controlfield>
          <marc:controlfield tag="008">070306c20079999nyuqr p       0    0eng c</marc:controlfield>
          <marc:datafield tag="010" ind1=" " ind2=" ">
            <marc:subfield code="a">  2007214262</marc:subfield>
          </marc:datafield>
          <marc:datafield tag="012" ind1=" " ind2=" ">
            <marc:subfield code="l">1</marc:subfield>
          </marc:datafield>
          <marc:datafield tag="022" ind1="0" ind2=" ">
            <marc:subfield code="a">1936-1955</marc:subfield>
          </marc:datafield>
          <marc:datafield tag="029" ind1="1" ind2=" ">
            <marc:subfield code="a">AU@</marc:subfield>
            <marc:subfield code="b">000041335962</marc:subfield>
          </marc:datafield>
          <marc:datafield tag="037" ind1=" " ind2=" ">
            <marc:subfield code="b">Association for Computing Machinery, 2 Penn Plaza, Ste. 701, New York, N.Y., 10121</marc:subfield>
          </marc:datafield>
          <marc:datafield tag="040" ind1=" " ind2=" ">
            <marc:subfield code="a">NSD</marc:subfield>
            <marc:subfield code="c">NSD</marc:subfield>
            <marc:subfield code="d">NSD</marc:subfield>
            <marc:subfield code="d">OCLCQ</marc:subfield>
            <marc:subfield code="d">UIU</marc:subfield>
          </marc:datafield>
          <marc:datafield tag="042" ind1=" " ind2=" ">
            <marc:subfield code="a">msc</marc:subfield>
          </marc:datafield>
          <marc:datafield tag="049" ind1=" " ind2=" ">
            <marc:subfield code="a">UIUU</marc:subfield>
          </marc:datafield>
          <marc:datafield tag="050" ind1="1" ind2="0">
            <marc:subfield code="a">ISSN RECORD</marc:subfield>
          </marc:datafield>
          <marc:datafield tag="245" ind1="0" ind2="0">
            <marc:subfield code="a">ACM journal of data and information quality.</marc:subfield>
          </marc:datafield>
          <marc:datafield tag="260" ind1=" " ind2=" ">
            <marc:subfield code="a">New York, N.Y. :</marc:subfield>
            <marc:subfield code="b">Association for Computing Machinery</marc:subfield>
          </marc:datafield>
          <marc:datafield tag="263" ind1=" " ind2=" ">
            <marc:subfield code="a">0707</marc:subfield>
          </marc:datafield>
          <marc:datafield tag="300" ind1=" " ind2=" ">
            <marc:subfield code="a">v. ;</marc:subfield>
            <marc:subfield code="c">26 cm.</marc:subfield>
          </marc:datafield>
          <marc:datafield tag="310" ind1=" " ind2=" ">
            <marc:subfield code="a">Quarterly</marc:subfield>
          </marc:datafield>
          <marc:datafield tag="362" ind1="1" ind2=" ">
            <marc:subfield code="a">Began with vol. 1, no. 1 (June 2009).</marc:subfield>
          </marc:datafield>
          <marc:datafield tag="500" ind1=" " ind2=" ">
            <marc:subfield code="a">Description based on: Vol. 1, no. 1 (June 2009); title from cover.</marc:subfield>
          </marc:datafield>
          <marc:datafield tag="530" ind1=" " ind2=" ">
            <marc:subfield code="a">Also issued online.</marc:subfield>
          </marc:datafield>
          <marc:datafield tag="650" ind1=" " ind2="0">
            <marc:subfield code="a">Database management</marc:subfield>
            <marc:subfield code="x">Quality control</marc:subfield>
            <marc:subfield code="v">Periodicals.</marc:subfield>
          </marc:datafield>
          <marc:datafield tag="650" ind1=" " ind2="0">
            <marc:subfield code="a">Databases</marc:subfield>
            <marc:subfield code="x">Quality control</marc:subfield>
            <marc:subfield code="v">Periodicals.</marc:subfield>
          </marc:datafield>
          <marc:datafield tag="650" ind1=" " ind2="0">
            <marc:subfield code="a">Electronic data processing</marc:subfield>
            <marc:subfield code="x">Quality control</marc:subfield>
            <marc:subfield code="v">Periodicals.</marc:subfield>
          </marc:datafield>
          <marc:datafield tag="650" ind1=" " ind2="0">
            <marc:subfield code="a">Management information systems</marc:subfield>
            <marc:subfield code="x">Quality control</marc:subfield>
            <marc:subfield code="v">Periodicals.</marc:subfield>
          </marc:datafield>
          <marc:datafield tag="710" ind1="2" ind2=" ">
            <marc:subfield code="a">Association for Computing Machinery.</marc:subfield>
          </marc:datafield>
          <marc:datafield tag="776" ind1="1" ind2=" ">
            <marc:subfield code="t">ACM journal of data and information quality (Online)</marc:subfield>
            <marc:subfield code="x">1936-1963</marc:subfield>
            <marc:subfield code="w">(DLC)  2007214263</marc:subfield>
            <marc:subfield code="w">(OCoLC)85776286</marc:subfield>
          </marc:datafield>
          <marc:datafield tag="936" ind1=" " ind2=" ">
            <marc:subfield code="a">PREPUB: Publication expected: July 2007</marc:subfield>
          </marc:datafield>
          <marc:datafield tag="994" ind1=" " ind2=" ">
            <marc:subfield code="a">C0</marc:subfield>
            <marc:subfield code="b">UIU</marc:subfield>
          </marc:datafield>
        </marc:record>
      </metadata>
    </record>