
    <record>
      <header>
        <identifier>oai:library.rochester.edu:URVoyager1/381</identifier>
        <datestamp>2012-06-05T18:53:48Z</datestamp>
        <setSpec>bib</setSpec>
      </header>
      <metadata>
        <marc:record xmlns:marc="http://www.loc.gov/MARC21/slim" xmlns:xsi="http://www.w3.org/2001/XMLSchema-instance" xsi:schemaLocation="http://www.loc.gov/MARC21/slim http://localhost:8080/OAIToolkit/schema/MARC21slim_custom.xsd">
          <marc:leader>01567cas a2200409 a 4500</marc:leader>
          <marc:controlfield tag="001">221672</marc:controlfield>
          <marc:controlfield tag="003">KNXdb</marc:controlfield>
          <marc:controlfield tag="005">20100129131428.0</marc:controlfield>
          <marc:controlfield tag="008">070306c20099999nyuqr p       0   a0eng c</marc:controlfield>
          <marc:datafield tag="010" ind1=" " ind2=" ">
            <marc:subfield code="a">  2007214262</marc:subfield>
          </marc:datafield>
          <marc:datafield tag="012" ind1=" " ind2=" ">
            <marc:subfield code="k">1</marc:subfield>
            <marc:subfield code="l">1</marc:subfield>
          </marc:datafield>
          <marc:datafield tag="022" ind1="0" ind2=" ">
            <marc:subfield code="a">1936-1955</marc:subfield>
            <marc:subfield code="2">1</marc:subfield>
          </marc:datafield>
          <marc:datafield tag="029" ind1="1" ind2=" ">
            <marc:subfield code="a">AU@</marc:subfield>
            <marc:subfield code="b">000041335962</marc:subfield>
          </marc:datafield>
          <marc:datafield tag="029" ind1="1" ind2=" ">
            <marc:subfield code="a">NZ1</marc:subfield>
            <marc:subfield code="b">11280728</marc:subfield>
          </marc:datafield>
          <marc:datafield tag="037" ind1=" " ind2=" ">
            <marc:subfield code="b">Association for Computing Machinery, 2 Penn Plaza, Ste. 701, New York, N.Y., 10121</marc:subfield>
          </marc:datafield>
          <marc:datafield tag="040" ind1=" " ind2=" ">
            <marc:subfield code="a">NSD</marc:subfield>
            <marc:subfield code="c">NSD</marc:subfield>
            <marc:subfield code="d">NSD</marc:subfield>
            <marc:subfield code="d">OCLCQ</marc:subfield>
            <marc:subfield code="d">UIU</marc:subfield>
            <marc:subfield code="d">IXA</marc:subfield>
            <marc:subfield code="d">DLC</marc:subfield>
          </marc:datafield>
          <marc:datafield tag="042" ind1=" " ind2=" ">
            <marc:subfield code="a">pcc</marc:subfield>
          </marc:datafield>
          <marc:datafield tag="049" ind1=" " ind2=" ">
            <marc:subfield code="a">IBKA</marc:subfield>
          </marc:datafield>
          <marc:datafield tag="050" ind1="0" ind2="0">
            <marc:subfield code="a">QA76.9.D3</marc:subfield>
            <marc:subfield code="b">A293</marc:subfield>
          </marc:datafield>
          <marc:datafield tag="130" ind1="0" ind2=" ">
            <marc:subfield code="a">ACM journal of data and information quality (Print)</marc:subfield>
          </marc:datafield>
          <marc:datafield tag="222" ind1=" " ind2="0">
            <marc:subfield code="a">ACM journal of data and information quality</marc:subfield>
            <marc:subfield code="b">(Print)</marc:subfield>
          </marc:datafield>
          <marc:datafield tag="245" ind1="1" ind2="0">
            <marc:subfield code="a">ACM journal of data and information quality.</marc:subfield>
          </marc:datafield>
          <marc:datafield tag="246" ind1="1" ind2="3">
            <marc:subfield code="a">JDIQ</marc:subfield>
          </marc:datafield>
          <marc:datafield tag="260" ind1=" " ind2=" ">
            <marc:subfield code="a">New York, N.Y. :</marc:subfield>
            <marc:subfield code="b">Association for Computing Machinery.</marc:subfield>
            <marc:subfield code="c">c2009-</marc:subfield>
          </marc:datafield>
          <marc:datafield tag="300" ind1=" " ind2=" ">
            <marc:subfield code="a">v. :</marc:subfield>
            <marc:subfield code="b">ill. ;</marc:subfield>
            <marc:subfield code="c">26 cm.</marc:subfield>
          </marc:datafield>
          <marc:datafield tag="310" ind1=" " ind2=" ">
            <marc:subfield code="a">Quarterly</marc:subfield>
          </marc:datafield>
          <marc:datafield tag="362" ind1="0" ind2=" ">
            <marc:subfield code="a">Vol. 1, no. 1 (June 2009)-</marc:subfield>
          </marc:datafield>
          <marc:datafield tag="500" ind1=" " ind2=" ">
            <marc:subfield code="a">Description based on: Vol. 1, no. 1 (June 2009); title from cover.</marc:subfield>
          </marc:datafield>
          <marc:datafield tag="500" ind1=" " ind2=" ">
            <marc:subfield code="a">Latest issue consulted: Vol. 1, no. 2 (2009).</marc:subfield>
          </marc:datafield>
          <marc:datafield tag="650" ind1=" " ind2="0">
            <marc:subfield code="a">Database management</marc:subfield>
            <marc:subfield code="x">Quality control</marc:subfield>
            <marc:subfield code="v">Periodicals.</marc:subfield>
          </marc:datafield>
          <marc:datafield tag="650" ind1=" " ind2="0">
            <marc:subfield code="a">Databases</marc:subfield>
            <marc:subfield code="x">Quality control</marc:subfield>
            <marc:subfield code="v">Periodicals.</marc:subfield>
          </marc:datafield>
          <marc:datafield tag="650" ind1=" " ind2="0">
            <marc:subfield code="a">Electronic data processing</marc:subfield>
            <marc:subfield code="x">Quality control</marc:subfield>
            <marc:subfield code="v">Periodicals.</marc:subfield>
          </marc:datafield>
          <marc:datafield tag="650" ind1=" " ind2="0">
            <marc:subfield code="a">Management information systems</marc:subfield>
            <marc:subfield code="x">Quality control</marc:subfield>
            <marc:subfield code="v">Periodicals.</marc:subfield>
          </marc:datafield>
          <marc:datafield tag="710" ind1="2" ind2=" ">
            <marc:subfield code="a">Association for Computing Machinery.</marc:subfield>
          </marc:datafield>
          <marc:datafield tag="776" ind1="0" ind2="8">
            <marc:subfield code="i">Online version:</marc:subfield>
            <marc:subfield code="t">ACM journal of data and information quality (Online)</marc:subfield>
            <marc:subfield code="x">1936-1963</marc:subfield>
            <marc:subfield code="w">(DLC)  2007214263</marc:subfield>
            <marc:subfield code="w">(OCoLC)85776286</marc:subfield>
          </marc:datafield>
          <marc:datafield tag="850" ind1=" " ind2=" ">
            <marc:subfield code="a">DLC</marc:subfield>
          </marc:datafield>
          <marc:datafield tag="994" ind1=" " ind2=" ">
            <marc:subfield code="a">C0</marc:subfield>
            <marc:subfield code="b">IBK</marc:subfield>
          </marc:datafield>
        </marc:record>
      </metadata>
    </record>
    <record>
      <header>
        <identifier>oai:library.rochester.edu:URVoyager1/382</identifier>
        <datestamp>2012-06-05T18:53:48Z</datestamp>
        <setSpec>hold</setSpec>
      </header>
      <metadata>
        <marc:record xmlns:marc="http://www.loc.gov/MARC21/slim" xmlns:xsi="http://www.w3.org/2001/XMLSchema-instance" xsi:schemaLocation="http://www.loc.gov/MARC21/slim http://localhost:8080/OAIToolkit/schema/MARC21slim_custom.xsd">
          <marc:leader>00283cy  a22001213  4500</marc:leader>
          <marc:controlfield tag="001">28046</marc:controlfield>
          <marc:controlfield tag="003">ISUdb</marc:controlfield>
          <marc:controlfield tag="004">24982</marc:controlfield>
          <marc:controlfield tag="005">20120110152910.0</marc:controlfield>
          <marc:controlfield tag="007">ta</marc:controlfield>
          <marc:controlfield tag="008">9808025u    8   0001aueng0980802</marc:controlfield>
          <marc:datafield tag="852" ind1="0" ind2=" ">
            <marc:subfield code="b">3shelf</marc:subfield>
            <marc:subfield code="h">DT1</marc:subfield>
            <marc:subfield code="i">.D6</marc:subfield>
            <marc:subfield code="t">1</marc:subfield>
            <marc:subfield code="x">Latest edition in Reference</marc:subfield>
          </marc:datafield>
          <marc:datafield tag="866" ind1="3" ind2="1">
            <marc:subfield code="8">0</marc:subfield>
            <marc:subfield code="a">35th ed.(2000)-45th ed.(2010)</marc:subfield>
          </marc:datafield>
        </marc:record>
      </metadata>
    </record>
    <record>
      <header>
        <identifier>oai:library.rochester.edu:URVoyager1/383</identifier>
        <datestamp>2012-06-05T18:53:48Z</datestamp>
        <setSpec>hold</setSpec>
      </header>
      <metadata>
        <marc:record xmlns:marc="http://www.loc.gov/MARC21/slim" xmlns:xsi="http://www.w3.org/2001/XMLSchema-instance" xsi:schemaLocation="http://www.loc.gov/MARC21/slim http://localhost:8080/OAIToolkit/schema/MARC21slim_custom.xsd">
          <marc:leader>00270cy  a22001213  4500</marc:leader>
          <marc:controlfield tag="001">1327046</marc:controlfield>
          <marc:controlfield tag="003">ISUdb</marc:controlfield>
          <marc:controlfield tag="004">24982</marc:controlfield>
          <marc:controlfield tag="005">20120110152846.0</marc:controlfield>
          <marc:controlfield tag="007">ta</marc:controlfield>
          <marc:controlfield tag="008">0709114p    8   0001bueng0980802</marc:controlfield>
          <marc:datafield tag="852" ind1="0" ind2=" ">
            <marc:subfield code="b">2refnc</marc:subfield>
            <marc:subfield code="h">DT1</marc:subfield>
            <marc:subfield code="i">.D6</marc:subfield>
            <marc:subfield code="t">1</marc:subfield>
            <marc:subfield code="x">Latest edition in Reference</marc:subfield>
          </marc:datafield>
          <marc:datafield tag="866" ind1="3" ind2="1">
            <marc:subfield code="8">0</marc:subfield>
            <marc:subfield code="a">46th ed.(2011)</marc:subfield>
          </marc:datafield>
        </marc:record>
      </metadata>
    </record>
    <record>
      <header>
        <identifier>oai:library.rochester.edu:URVoyager1/384</identifier>
        <datestamp>2012-06-05T18:53:48Z</datestamp>
        <setSpec>hold</setSpec>
      </header>
      <metadata>
        <marc:record xmlns:marc="http://www.loc.gov/MARC21/slim" xmlns:xsi="http://www.w3.org/2001/XMLSchema-instance" xsi:schemaLocation="http://www.loc.gov/MARC21/slim http://localhost:8080/OAIToolkit/schema/MARC21slim_custom.xsd">
          <marc:leader>00237cy  a22001215  4500</marc:leader>
          <marc:controlfield tag="001">863679</marc:controlfield>
          <marc:controlfield tag="003">ISUdb</marc:controlfield>
          <marc:controlfield tag="004">749840</marc:controlfield>
          <marc:controlfield tag="005">20081029142122.0</marc:controlfield>
          <marc:controlfield tag="007">ta</marc:controlfield>
          <marc:controlfield tag="008">9808040u    0   0001uueng0980804</marc:controlfield>
          <marc:datafield tag="852" ind1="0" ind2=" ">
            <marc:subfield code="b">3shelf</marc:subfield>
            <marc:subfield code="h">F1401</marc:subfield>
            <marc:subfield code="i">.G53</marc:subfield>
            <marc:subfield code="t">2</marc:subfield>
          </marc:datafield>
          <marc:datafield tag="866" ind1="3" ind2="1">
            <marc:subfield code="8">0</marc:subfield>
            <marc:subfield code="a">9th ed.</marc:subfield>
          </marc:datafield>
        </marc:record>
      </metadata>
    </record>
    <record>
      <header>
        <identifier>oai:library.rochester.edu:URVoyager1/385</identifier>
        <datestamp>2012-06-05T18:53:48Z</datestamp>
        <setSpec>hold</setSpec>
      </header>
      <metadata>
        <marc:record xmlns:marc="http://www.loc.gov/MARC21/slim" xmlns:xsi="http://www.w3.org/2001/XMLSchema-instance" xsi:schemaLocation="http://www.loc.gov/MARC21/slim http://localhost:8080/OAIToolkit/schema/MARC21slim_custom.xsd">
          <marc:leader>00289cy  a22001215  4500</marc:leader>
          <marc:controlfield tag="001">1511257</marc:controlfield>
          <marc:controlfield tag="003">ISUdb</marc:controlfield>
          <marc:controlfield tag="004">605269</marc:controlfield>
          <marc:controlfield tag="005">20120110152137.0</marc:controlfield>
          <marc:controlfield tag="007">ta</marc:controlfield>
          <marc:controlfield tag="008">1108040u    0   0001uueng0980804</marc:controlfield>
          <marc:datafield tag="852" ind1="0" ind2=" ">
            <marc:subfield code="b">3shelf</marc:subfield>
            <marc:subfield code="h">D1051</marc:subfield>
            <marc:subfield code="i">.W47</marc:subfield>
            <marc:subfield code="t">1</marc:subfield>
            <marc:subfield code="x">Latest edition in Reference</marc:subfield>
          </marc:datafield>
          <marc:datafield tag="866" ind1="3" ind2="1">
            <marc:subfield code="8">0</marc:subfield>
            <marc:subfield code="a">26th ed.(2007)-29th ed.(2010)</marc:subfield>
          </marc:datafield>
        </marc:record>
      </metadata>
    </record>
    <record>
      <header>
        <identifier>oai:library.rochester.edu:URVoyager1/386</identifier>
        <datestamp>2012-06-05T18:53:48Z</datestamp>
        <setSpec>hold</setSpec>
      </header>
      <metadata>
        <marc:record xmlns:marc="http://www.loc.gov/MARC21/slim" xmlns:xsi="http://www.w3.org/2001/XMLSchema-instance" xsi:schemaLocation="http://www.loc.gov/MARC21/slim http://localhost:8080/OAIToolkit/schema/MARC21slim_custom.xsd">
          <marc:leader>00315cy  a22001455  4500</marc:leader>
          <marc:controlfield tag="001">149503</marc:controlfield>
          <marc:controlfield tag="003">ISUdb</marc:controlfield>
          <marc:controlfield tag="004">136039</marc:controlfield>
          <marc:controlfield tag="005">20071215141943.0</marc:controlfield>
          <marc:controlfield tag="007">ta</marc:controlfield>
          <marc:controlfield tag="008">9808020u    0   0001uueng0980802</marc:controlfield>
          <marc:datafield tag="014" ind1="1" ind2=" ">
            <marc:subfield code="a">ACH-9465</marc:subfield>
          </marc:datafield>
          <marc:datafield tag="014" ind1="0" ind2=" ">
            <marc:subfield code="9">CIM-0833</marc:subfield>
          </marc:datafield>
          <marc:datafield tag="852" ind1="0" ind2=" ">
            <marc:subfield code="b">strbpernc</marc:subfield>
            <marc:subfield code="h">QA241.A1</marc:subfield>
            <marc:subfield code="i">J6</marc:subfield>
            <marc:subfield code="t">1</marc:subfield>
          </marc:datafield>
          <marc:datafield tag="866" ind1="3" ind2="1">
            <marc:subfield code="8">0</marc:subfield>
            <marc:subfield code="a">v.20(1985)-v.63:no.2(1998:Feb.)</marc:subfield>
          </marc:datafield>
        </marc:record>
      </metadata>
    </record>
    <record>
      <header>
        <identifier>oai:library.rochester.edu:URVoyager1/387</identifier>
        <datestamp>2012-06-05T18:53:48Z</datestamp>
        <setSpec>hold</setSpec>
      </header>
      <metadata>
        <marc:record xmlns:marc="http://www.loc.gov/MARC21/slim" xmlns:xsi="http://www.w3.org/2001/XMLSchema-instance" xsi:schemaLocation="http://www.loc.gov/MARC21/slim http://localhost:8080/OAIToolkit/schema/MARC21slim_custom.xsd">
          <marc:leader>00352cy  a22001334  4500</marc:leader>
          <marc:controlfield tag="001">1382457</marc:controlfield>
          <marc:controlfield tag="003">ISUdb</marc:controlfield>
          <marc:controlfield tag="004">136028</marc:controlfield>
          <marc:controlfield tag="005">20090929160701.0</marc:controlfield>
          <marc:controlfield tag="007">ta</marc:controlfield>
          <marc:controlfield tag="008">0812125u    0   0001uueng0980802</marc:controlfield>
          <marc:datafield tag="852" ind1="0" ind2=" ">
            <marc:subfield code="b">5shelfnc</marc:subfield>
            <marc:subfield code="h">QA3</marc:subfield>
            <marc:subfield code="i">.A23</marc:subfield>
            <marc:subfield code="t">1</marc:subfield>
            <marc:subfield code="z">Print subscription cancelled after 2003</marc:subfield>
          </marc:datafield>
          <marc:datafield tag="866" ind1="3" ind2="1">
            <marc:subfield code="8">0</marc:subfield>
            <marc:subfield code="a">v.92(2000)-v.110(2003)</marc:subfield>
          </marc:datafield>
          <marc:datafield tag="866" ind1="3" ind2="1">
            <marc:subfield code="8">0</marc:subfield>
            <marc:subfield code="a">Lacks:  no.94 is incomplete;v.108:no.4</marc:subfield>
          </marc:datafield>
        </marc:record>
      </metadata>
    </record>
    <record>
      <header>
        <identifier>oai:library.rochester.edu:URVoyager1/388</identifier>
        <datestamp>2012-06-05T18:53:48Z</datestamp>
        <setSpec>hold</setSpec>
      </header>
      <metadata>
        <marc:record xmlns:marc="http://www.loc.gov/MARC21/slim" xmlns:xsi="http://www.w3.org/2001/XMLSchema-instance" xsi:schemaLocation="http://www.loc.gov/MARC21/slim http://localhost:8080/OAIToolkit/schema/MARC21slim_custom.xsd">
          <marc:leader>00282cy  a22001455  4500</marc:leader>
          <marc:controlfield tag="001">84689</marc:controlfield>
          <marc:controlfield tag="003">ISUdb</marc:controlfield>
          <marc:controlfield tag="004">77395</marc:controlfield>
          <marc:controlfield tag="005">20120213142326.0</marc:controlfield>
          <marc:controlfield tag="007">ta</marc:controlfield>
          <marc:controlfield tag="008">9808020u    0   0001uueng0980802</marc:controlfield>
          <marc:datafield tag="014" ind1="1" ind2=" ">
            <marc:subfield code="a">ABG-2481</marc:subfield>
          </marc:datafield>
          <marc:datafield tag="014" ind1="0" ind2=" ">
            <marc:subfield code="9">CHF-7578</marc:subfield>
          </marc:datafield>
          <marc:datafield tag="852" ind1="0" ind2=" ">
            <marc:subfield code="b">6shelf</marc:subfield>
            <marc:subfield code="h">P1</marc:subfield>
            <marc:subfield code="i">.S9</marc:subfield>
            <marc:subfield code="t">1</marc:subfield>
          </marc:datafield>
          <marc:datafield tag="866" ind1="3" ind2="1">
            <marc:subfield code="8">0</marc:subfield>
            <marc:subfield code="a">v.1-v.37</marc:subfield>
          </marc:datafield>
        </marc:record>
      </metadata>
    </record>
    <record>
      <header>
        <identifier>oai:library.rochester.edu:URVoyager1/389</identifier>
        <datestamp>2012-06-05T18:53:48Z</datestamp>
        <setSpec>hold</setSpec>
      </header>
      <metadata>
        <marc:record xmlns:marc="http://www.loc.gov/MARC21/slim" xmlns:xsi="http://www.w3.org/2001/XMLSchema-instance" xsi:schemaLocation="http://www.loc.gov/MARC21/slim http://localhost:8080/OAIToolkit/schema/MARC21slim_custom.xsd">
          <marc:leader>00193cx  a22000971  4500</marc:leader>
          <marc:controlfield tag="001">19902</marc:controlfield>
          <marc:controlfield tag="003">JWCdb</marc:controlfield>
          <marc:controlfield tag="004">169</marc:controlfield>
          <marc:controlfield tag="005">20090929142733.0</marc:controlfield>
          <marc:controlfield tag="008">0909292p    8   4001au   0901128</marc:controlfield>
          <marc:datafield tag="852" ind1="1" ind2=" ">
            <marc:subfield code="b">stacks</marc:subfield>
            <marc:subfield code="h">916</marc:subfield>
            <marc:subfield code="i">AFR 2009</marc:subfield>
            <marc:subfield code="t">1</marc:subfield>
          </marc:datafield>
        </marc:record>
      </metadata>
    </record>
    <record>
      <header>
        <identifier>oai:library.rochester.edu:URVoyager1/390</identifier>
        <datestamp>2012-06-05T18:53:48Z</datestamp>
        <setSpec>hold</setSpec>
      </header>
      <metadata>
        <marc:record xmlns:marc="http://www.loc.gov/MARC21/slim" xmlns:xsi="http://www.w3.org/2001/XMLSchema-instance" xsi:schemaLocation="http://www.loc.gov/MARC21/slim http://localhost:8080/OAIToolkit/schema/MARC21slim_custom.xsd">
          <marc:leader>00197cx  a22000971  4500</marc:leader>
          <marc:controlfield tag="001">19909</marc:controlfield>
          <marc:controlfield tag="003">JWCdb</marc:controlfield>
          <marc:controlfield tag="004">2911</marc:controlfield>
          <marc:controlfield tag="005">20090929144231.0</marc:controlfield>
          <marc:controlfield tag="008">0909292p    8   4001au   0901128</marc:controlfield>
          <marc:datafield tag="852" ind1="1" ind2=" ">
            <marc:subfield code="b">stacks</marc:subfield>
            <marc:subfield code="h">940.05</marc:subfield>
            <marc:subfield code="i">WES 2009</marc:subfield>
            <marc:subfield code="t">1</marc:subfield>
          </marc:datafield>
        </marc:record>
      </metadata>
    </record>
    <record>
      <header>
        <identifier>oai:library.rochester.edu:URVoyager1/391</identifier>
        <datestamp>2012-06-05T18:53:48Z</datestamp>
        <setSpec>hold</setSpec>
      </header>
      <metadata>
        <marc:record xmlns:marc="http://www.loc.gov/MARC21/slim" xmlns:xsi="http://www.w3.org/2001/XMLSchema-instance" xsi:schemaLocation="http://www.loc.gov/MARC21/slim http://localhost:8080/OAIToolkit/schema/MARC21slim_custom.xsd">
          <marc:leader>00660cy  a22002415  4500</marc:leader>
          <marc:controlfield tag="001">540411</marc:controlfield>
          <marc:controlfield tag="003">SIEdb</marc:controlfield>
          <marc:controlfield tag="004">454125</marc:controlfield>
          <marc:controlfield tag="005">20110217154651.0</marc:controlfield>
          <marc:controlfield tag="007">ta</marc:controlfield>
          <marc:controlfield tag="008">9808020u    0   0002uueng1980802</marc:controlfield>
          <marc:datafield tag="852" ind1="0" ind2=" ">
            <marc:subfield code="b">aastx</marc:subfield>
            <marc:subfield code="h">F1401</marc:subfield>
            <marc:subfield code="i">.G53</marc:subfield>
            <marc:subfield code="t">1</marc:subfield>
          </marc:datafield>
          <marc:datafield tag="853" ind1="2" ind2="3">
            <marc:subfield code="8">1</marc:subfield>
            <marc:subfield code="a">(ed.)</marc:subfield>
            <marc:subfield code="i">(yr.)</marc:subfield>
            <marc:subfield code="t">c.</marc:subfield>
          </marc:datafield>
          <marc:datafield tag="863" ind1="4" ind2="0">
            <marc:subfield code="8">1.4986</marc:subfield>
            <marc:subfield code="a">14th ed.</marc:subfield>
            <marc:subfield code="i">2011</marc:subfield>
            <marc:subfield code="t">1</marc:subfield>
          </marc:datafield>
          <marc:datafield tag="863" ind1="4" ind2="0">
            <marc:subfield code="8">1.4988</marc:subfield>
            <marc:subfield code="a">13th ed.</marc:subfield>
            <marc:subfield code="i">2009</marc:subfield>
            <marc:subfield code="t">1</marc:subfield>
          </marc:datafield>
          <marc:datafield tag="863" ind1="4" ind2="0">
            <marc:subfield code="8">1.4990</marc:subfield>
            <marc:subfield code="a">12th ed.</marc:subfield>
            <marc:subfield code="i">2007</marc:subfield>
            <marc:subfield code="t">1</marc:subfield>
          </marc:datafield>
          <marc:datafield tag="863" ind1="4" ind2="0">
            <marc:subfield code="8">1.4992</marc:subfield>
            <marc:subfield code="a">11th ed.</marc:subfield>
            <marc:subfield code="i">2004</marc:subfield>
            <marc:subfield code="t">1</marc:subfield>
          </marc:datafield>
          <marc:datafield tag="863" ind1="4" ind2=" ">
            <marc:subfield code="8">1.4994</marc:subfield>
            <marc:subfield code="a">10th ed.</marc:subfield>
            <marc:subfield code="i">2003</marc:subfield>
            <marc:subfield code="t">1</marc:subfield>
          </marc:datafield>
          <marc:datafield tag="863" ind1="4" ind2="0">
            <marc:subfield code="8">1.4996</marc:subfield>
            <marc:subfield code="a">9th ed.</marc:subfield>
            <marc:subfield code="i">2000</marc:subfield>
            <marc:subfield code="t">1</marc:subfield>
          </marc:datafield>
          <marc:datafield tag="863" ind1="4" ind2="0">
            <marc:subfield code="8">1.4998</marc:subfield>
            <marc:subfield code="a">8th ed.</marc:subfield>
            <marc:subfield code="i">1998</marc:subfield>
            <marc:subfield code="t">1</marc:subfield>
          </marc:datafield>
          <marc:datafield tag="863" ind1="4" ind2="0">
            <marc:subfield code="8">1.5000</marc:subfield>
            <marc:subfield code="a">7th ed.</marc:subfield>
            <marc:subfield code="i">1996</marc:subfield>
            <marc:subfield code="t">1</marc:subfield>
          </marc:datafield>
          <marc:datafield tag="863" ind1="4" ind2="0">
            <marc:subfield code="8">1.5002</marc:subfield>
            <marc:subfield code="a">6th ed.</marc:subfield>
            <marc:subfield code="i">1994</marc:subfield>
            <marc:subfield code="t">1</marc:subfield>
          </marc:datafield>
          <marc:datafield tag="863" ind1="4" ind2="0">
            <marc:subfield code="8">1.5004</marc:subfield>
            <marc:subfield code="a">5th ed.</marc:subfield>
            <marc:subfield code="i">1992</marc:subfield>
            <marc:subfield code="t">1</marc:subfield>
          </marc:datafield>
        </marc:record>
      </metadata>
    </record>
    <record>
      <header>
        <identifier>oai:library.rochester.edu:URVoyager1/392</identifier>
        <datestamp>2012-06-05T18:53:48Z</datestamp>
        <setSpec>hold</setSpec>
      </header>
      <metadata>
        <marc:record xmlns:marc="http://www.loc.gov/MARC21/slim" xmlns:xsi="http://www.w3.org/2001/XMLSchema-instance" xsi:schemaLocation="http://www.loc.gov/MARC21/slim http://localhost:8080/OAIToolkit/schema/MARC21slim_custom.xsd">
          <marc:leader>02476cy  a22006975  4500</marc:leader>
          <marc:controlfield tag="001">726514</marc:controlfield>
          <marc:controlfield tag="003">SIEdb</marc:controlfield>
          <marc:controlfield tag="004">455959</marc:controlfield>
          <marc:controlfield tag="005">20100316123711.0</marc:controlfield>
          <marc:controlfield tag="007">ta</marc:controlfield>
          <marc:controlfield tag="008">1003160u    0   0001uueng0980802</marc:controlfield>
          <marc:datafield tag="852" ind1="0" ind2=" ">
            <marc:subfield code="b">aastx</marc:subfield>
            <marc:subfield code="h">E663</marc:subfield>
            <marc:subfield code="i">.W56</marc:subfield>
            <marc:subfield code="z">Latest edition in Ready Reference.</marc:subfield>
          </marc:datafield>
          <marc:datafield tag="853" ind1="2" ind2="3">
            <marc:subfield code="8">1</marc:subfield>
            <marc:subfield code="a">(yr.:v. (ed.))</marc:subfield>
            <marc:subfield code="t">c.</marc:subfield>
          </marc:datafield>
          <marc:datafield tag="863" ind1="4" ind2="0">
            <marc:subfield code="8">1.4950</marc:subfield>
            <marc:subfield code="a">2009:2 (63rd ed.)</marc:subfield>
            <marc:subfield code="t">1</marc:subfield>
          </marc:datafield>
          <marc:datafield tag="863" ind1="4" ind2="0">
            <marc:subfield code="8">1.4952</marc:subfield>
            <marc:subfield code="a">2009:1 (63rd ed.)</marc:subfield>
            <marc:subfield code="t">1</marc:subfield>
          </marc:datafield>
          <marc:datafield tag="863" ind1="4" ind2="0">
            <marc:subfield code="8">1.4954</marc:subfield>
            <marc:subfield code="a">2008:2 (62nd ed.)</marc:subfield>
            <marc:subfield code="t">1</marc:subfield>
          </marc:datafield>
          <marc:datafield tag="863" ind1="4" ind2="0">
            <marc:subfield code="8">1.4956</marc:subfield>
            <marc:subfield code="a">2008:1 (62nd ed.)</marc:subfield>
            <marc:subfield code="t">1</marc:subfield>
          </marc:datafield>
          <marc:datafield tag="863" ind1="4" ind2="0">
            <marc:subfield code="8">1.4958</marc:subfield>
            <marc:subfield code="a">2007:2 (61st ed.)</marc:subfield>
            <marc:subfield code="t">1</marc:subfield>
          </marc:datafield>
          <marc:datafield tag="863" ind1="4" ind2="0">
            <marc:subfield code="8">1.4960</marc:subfield>
            <marc:subfield code="a">2007:1 (61st ed.)</marc:subfield>
            <marc:subfield code="t">1</marc:subfield>
          </marc:datafield>
          <marc:datafield tag="863" ind1="4" ind2="0">
            <marc:subfield code="8">1.4962</marc:subfield>
            <marc:subfield code="a">2006:2 (60th ed.)</marc:subfield>
            <marc:subfield code="t">1</marc:subfield>
          </marc:datafield>
          <marc:datafield tag="863" ind1="4" ind2="0">
            <marc:subfield code="8">1.4964</marc:subfield>
            <marc:subfield code="a">2006:1 (60th ed.)</marc:subfield>
            <marc:subfield code="t">1</marc:subfield>
          </marc:datafield>
          <marc:datafield tag="863" ind1="4" ind2="0">
            <marc:subfield code="8">1.4966</marc:subfield>
            <marc:subfield code="a">2005:2 (59th ed.)</marc:subfield>
            <marc:subfield code="t">1</marc:subfield>
          </marc:datafield>
          <marc:datafield tag="863" ind1="4" ind2="0">
            <marc:subfield code="8">1.4968</marc:subfield>
            <marc:subfield code="a">2005:1 (59th ed.)</marc:subfield>
            <marc:subfield code="t">1</marc:subfield>
          </marc:datafield>
          <marc:datafield tag="863" ind1="4" ind2="0">
            <marc:subfield code="8">1.4970</marc:subfield>
            <marc:subfield code="a">2004:3 (58th ed.)</marc:subfield>
            <marc:subfield code="t">1</marc:subfield>
          </marc:datafield>
          <marc:datafield tag="863" ind1="4" ind2="0">
            <marc:subfield code="8">1.4972</marc:subfield>
            <marc:subfield code="a">2004:2 (58th ed.)</marc:subfield>
            <marc:subfield code="t">1</marc:subfield>
          </marc:datafield>
          <marc:datafield tag="863" ind1="4" ind2="0">
            <marc:subfield code="8">1.4974</marc:subfield>
            <marc:subfield code="a">2004:1 (58th ed.)</marc:subfield>
            <marc:subfield code="t">1</marc:subfield>
          </marc:datafield>
          <marc:datafield tag="863" ind1="4" ind2="0">
            <marc:subfield code="8">1.4976</marc:subfield>
            <marc:subfield code="a">2003:3 (57th ed.)</marc:subfield>
            <marc:subfield code="t">1</marc:subfield>
          </marc:datafield>
          <marc:datafield tag="863" ind1="4" ind2="0">
            <marc:subfield code="8">1.4978</marc:subfield>
            <marc:subfield code="a">2003:2 (57th ed.)</marc:subfield>
            <marc:subfield code="t">1</marc:subfield>
          </marc:datafield>
          <marc:datafield tag="863" ind1="4" ind2="0">
            <marc:subfield code="8">1.4980</marc:subfield>
            <marc:subfield code="a">2003:1 (57th ed.)</marc:subfield>
            <marc:subfield code="t">1</marc:subfield>
          </marc:datafield>
          <marc:datafield tag="863" ind1="4" ind2="0">
            <marc:subfield code="8">1.4982</marc:subfield>
            <marc:subfield code="a">2002:3 (56th ed.)</marc:subfield>
            <marc:subfield code="t">1</marc:subfield>
          </marc:datafield>
          <marc:datafield tag="863" ind1="4" ind2="0">
            <marc:subfield code="8">1.4984</marc:subfield>
            <marc:subfield code="a">2002:2 (56th ed.)</marc:subfield>
            <marc:subfield code="t">1</marc:subfield>
          </marc:datafield>
          <marc:datafield tag="863" ind1="4" ind2="0">
            <marc:subfield code="8">1.4986</marc:subfield>
            <marc:subfield code="a">2002:1 (56th ed.)</marc:subfield>
            <marc:subfield code="t">1</marc:subfield>
          </marc:datafield>
          <marc:datafield tag="863" ind1="4" ind2="0">
            <marc:subfield code="8">1.4988</marc:subfield>
            <marc:subfield code="a">2001:3 (55th ed.)</marc:subfield>
            <marc:subfield code="t">1</marc:subfield>
          </marc:datafield>
          <marc:datafield tag="863" ind1="4" ind2="0">
            <marc:subfield code="8">1.4990</marc:subfield>
            <marc:subfield code="a">2001:2 (55th ed.)</marc:subfield>
            <marc:subfield code="t">1</marc:subfield>
          </marc:datafield>
          <marc:datafield tag="863" ind1="4" ind2="0">
            <marc:subfield code="8">1.4992</marc:subfield>
            <marc:subfield code="a">2001:1 (55th ed.)</marc:subfield>
            <marc:subfield code="t">1</marc:subfield>
          </marc:datafield>
          <marc:datafield tag="863" ind1="4" ind2="0">
            <marc:subfield code="8">1.4994</marc:subfield>
            <marc:subfield code="a">2000:3 (54th ed.)</marc:subfield>
            <marc:subfield code="t">1</marc:subfield>
          </marc:datafield>
          <marc:datafield tag="863" ind1="4" ind2="0">
            <marc:subfield code="8">1.4996</marc:subfield>
            <marc:subfield code="a">2000:2 (54th ed.)</marc:subfield>
            <marc:subfield code="t">1</marc:subfield>
          </marc:datafield>
          <marc:datafield tag="863" ind1="4" ind2="0">
            <marc:subfield code="8">1.4998</marc:subfield>
            <marc:subfield code="a">2000:1 (54th ed.)</marc:subfield>
            <marc:subfield code="t">1</marc:subfield>
          </marc:datafield>
          <marc:datafield tag="863" ind1="4" ind2="0">
            <marc:subfield code="8">1.5000</marc:subfield>
            <marc:subfield code="a">1999:3 (53rd ed.)</marc:subfield>
            <marc:subfield code="t">1</marc:subfield>
          </marc:datafield>
          <marc:datafield tag="863" ind1="4" ind2="0">
            <marc:subfield code="8">1.5002</marc:subfield>
            <marc:subfield code="a">1999:2 (53rd ed.)</marc:subfield>
            <marc:subfield code="t">1</marc:subfield>
          </marc:datafield>
          <marc:datafield tag="863" ind1="4" ind2="0">
            <marc:subfield code="8">1.5004</marc:subfield>
            <marc:subfield code="a">1999:1 (53rd ed.)</marc:subfield>
            <marc:subfield code="t">1</marc:subfield>
          </marc:datafield>
          <marc:datafield tag="863" ind1="4" ind2="0">
            <marc:subfield code="8">1.5006</marc:subfield>
            <marc:subfield code="a">1998:3 (52nd ed.)</marc:subfield>
            <marc:subfield code="t">1</marc:subfield>
          </marc:datafield>
          <marc:datafield tag="863" ind1="4" ind2="0">
            <marc:subfield code="8">1.5008</marc:subfield>
            <marc:subfield code="a">1998:2 (52nd ed.)</marc:subfield>
            <marc:subfield code="t">1</marc:subfield>
          </marc:datafield>
          <marc:datafield tag="863" ind1="4" ind2="0">
            <marc:subfield code="8">1.5010</marc:subfield>
            <marc:subfield code="a">1998:1 (52nd ed.)</marc:subfield>
            <marc:subfield code="t">1</marc:subfield>
          </marc:datafield>
          <marc:datafield tag="863" ind1="4" ind2="0">
            <marc:subfield code="8">1.5012</marc:subfield>
            <marc:subfield code="a">1997:3 (51st ed.)</marc:subfield>
            <marc:subfield code="t">1</marc:subfield>
          </marc:datafield>
          <marc:datafield tag="863" ind1="4" ind2="0">
            <marc:subfield code="8">1.5014</marc:subfield>
            <marc:subfield code="a">1997:2 (51st ed.)</marc:subfield>
            <marc:subfield code="t">1</marc:subfield>
          </marc:datafield>
          <marc:datafield tag="863" ind1="4" ind2="0">
            <marc:subfield code="8">1.5016</marc:subfield>
            <marc:subfield code="a">1997:1 (51st ed.)</marc:subfield>
            <marc:subfield code="t">1</marc:subfield>
          </marc:datafield>
          <marc:datafield tag="863" ind1="4" ind2="0">
            <marc:subfield code="8">1.5018</marc:subfield>
            <marc:subfield code="a">1996:3 (50th ed.)</marc:subfield>
            <marc:subfield code="t">1</marc:subfield>
          </marc:datafield>
          <marc:datafield tag="863" ind1="4" ind2="0">
            <marc:subfield code="8">1.5020</marc:subfield>
            <marc:subfield code="a">1996:2 (50th ed.)</marc:subfield>
            <marc:subfield code="t">1</marc:subfield>
          </marc:datafield>
          <marc:datafield tag="863" ind1="4" ind2="0">
            <marc:subfield code="8">1.5022</marc:subfield>
            <marc:subfield code="a">1996:1 (50th ed.)</marc:subfield>
            <marc:subfield code="t">1</marc:subfield>
          </marc:datafield>
          <marc:datafield tag="863" ind1="4" ind2="0">
            <marc:subfield code="8">1.5024</marc:subfield>
            <marc:subfield code="a">1995:3 (49th ed.)</marc:subfield>
            <marc:subfield code="t">1</marc:subfield>
          </marc:datafield>
          <marc:datafield tag="863" ind1="4" ind2="0">
            <marc:subfield code="8">1.5026</marc:subfield>
            <marc:subfield code="a">1995:2 (49th ed.)</marc:subfield>
            <marc:subfield code="t">1</marc:subfield>
          </marc:datafield>
          <marc:datafield tag="863" ind1="4" ind2="0">
            <marc:subfield code="8">1.5028</marc:subfield>
            <marc:subfield code="a">1995:1 (49th ed.)</marc:subfield>
            <marc:subfield code="t">1</marc:subfield>
          </marc:datafield>
          <marc:datafield tag="863" ind1="4" ind2="0">
            <marc:subfield code="8">1.5030</marc:subfield>
            <marc:subfield code="a">1994:3 (48th ed.)</marc:subfield>
            <marc:subfield code="t">1</marc:subfield>
          </marc:datafield>
          <marc:datafield tag="863" ind1="4" ind2="0">
            <marc:subfield code="8">1.5032</marc:subfield>
            <marc:subfield code="a">1994:2 (48th ed.)</marc:subfield>
            <marc:subfield code="t">1</marc:subfield>
          </marc:datafield>
          <marc:datafield tag="863" ind1="4" ind2="0">
            <marc:subfield code="8">1.5034</marc:subfield>
            <marc:subfield code="a">1994:1 (48th ed.)</marc:subfield>
            <marc:subfield code="t">1</marc:subfield>
          </marc:datafield>
          <marc:datafield tag="863" ind1="4" ind2="0">
            <marc:subfield code="8">1.5036</marc:subfield>
            <marc:subfield code="a">1992-1993:2 (47th ed.)</marc:subfield>
            <marc:subfield code="t">1</marc:subfield>
          </marc:datafield>
          <marc:datafield tag="863" ind1="4" ind2="0">
            <marc:subfield code="8">1.5038</marc:subfield>
            <marc:subfield code="a">1992-1993:1 (47th ed.)</marc:subfield>
            <marc:subfield code="t">1</marc:subfield>
          </marc:datafield>
          <marc:datafield tag="863" ind1="4" ind2="0">
            <marc:subfield code="8">1.5040</marc:subfield>
            <marc:subfield code="a">1991-1992 (Supplement to 46th ed.)</marc:subfield>
            <marc:subfield code="t">1</marc:subfield>
          </marc:datafield>
          <marc:datafield tag="863" ind1="4" ind2="0">
            <marc:subfield code="8">1.5042</marc:subfield>
            <marc:subfield code="a">1990-1991:2 (46th ed.)</marc:subfield>
            <marc:subfield code="t">1</marc:subfield>
          </marc:datafield>
          <marc:datafield tag="863" ind1="4" ind2="0">
            <marc:subfield code="8">1.5044</marc:subfield>
            <marc:subfield code="a">1990-1991:1 (46th ed.)</marc:subfield>
            <marc:subfield code="t">1</marc:subfield>
          </marc:datafield>
        </marc:record>
      </metadata>
    </record>
    <record>
      <header>
        <identifier>oai:library.rochester.edu:URVoyager1/393</identifier>
        <datestamp>2012-06-05T18:53:48Z</datestamp>
        <setSpec>hold</setSpec>
      </header>
      <metadata>
        <marc:record xmlns:marc="http://www.loc.gov/MARC21/slim" xmlns:xsi="http://www.w3.org/2001/XMLSchema-instance" xsi:schemaLocation="http://www.loc.gov/MARC21/slim http://localhost:8080/OAIToolkit/schema/MARC21slim_custom.xsd">
          <marc:leader>00293cy  a22001215  4500</marc:leader>
          <marc:controlfield tag="001">88876</marc:controlfield>
          <marc:controlfield tag="003">SIEdb</marc:controlfield>
          <marc:controlfield tag="004">82071</marc:controlfield>
          <marc:controlfield tag="005">20110804154934.0</marc:controlfield>
          <marc:controlfield tag="007">ta</marc:controlfield>
          <marc:controlfield tag="008">0008120u    0   0001uueng0000812</marc:controlfield>
          <marc:datafield tag="852" ind1="5" ind2=" ">
            <marc:subfield code="b">jour</marc:subfield>
            <marc:subfield code="l">Journal of number theory</marc:subfield>
            <marc:subfield code="t">1</marc:subfield>
            <marc:subfield code="z">Shelved alphabetically by title.</marc:subfield>
          </marc:datafield>
          <marc:datafield tag="866" ind1="3" ind2="0">
            <marc:subfield code="8">0</marc:subfield>
            <marc:subfield code="a">v. 34-39 (1990-1991)</marc:subfield>
          </marc:datafield>
        </marc:record>
      </metadata>
    </record>
    <record>
      <header>
        <identifier>oai:library.rochester.edu:URVoyager1/394</identifier>
        <datestamp>2012-06-05T18:53:48Z</datestamp>
        <setSpec>hold</setSpec>
      </header>
      <metadata>
        <marc:record xmlns:marc="http://www.loc.gov/MARC21/slim" xmlns:xsi="http://www.w3.org/2001/XMLSchema-instance" xsi:schemaLocation="http://www.loc.gov/MARC21/slim http://localhost:8080/OAIToolkit/schema/MARC21slim_custom.xsd">
          <marc:leader>00395cy  a22001331  4500</marc:leader>
          <marc:controlfield tag="001">88868</marc:controlfield>
          <marc:controlfield tag="003">SIEdb</marc:controlfield>
          <marc:controlfield tag="004">82064</marc:controlfield>
          <marc:controlfield tag="005">20110822104445.0</marc:controlfield>
          <marc:controlfield tag="008">0006230u    0   0001uu   0000623</marc:controlfield>
          <marc:datafield tag="014" ind1="1" ind2=" ">
            <marc:subfield code="a">ACH-9429</marc:subfield>
          </marc:datafield>
          <marc:datafield tag="014" ind1="0" ind2=" ">
            <marc:subfield code="9">DYO-7480</marc:subfield>
          </marc:datafield>
          <marc:datafield tag="852" ind1="5" ind2=" ">
            <marc:subfield code="b">jour</marc:subfield>
            <marc:subfield code="l">Acta arithmetica</marc:subfield>
            <marc:subfield code="t">1</marc:subfield>
            <marc:subfield code="z">Shelved alphabetically by title</marc:subfield>
            <marc:subfield code="z">Pre-1980 in Storage.  Request at Circulation Desk</marc:subfield>
          </marc:datafield>
          <marc:datafield tag="866" ind1="3" ind2="0">
            <marc:subfield code="8">0</marc:subfield>
            <marc:subfield code="a">v. 52-58 (1989-1991)</marc:subfield>
            <marc:subfield code="z">Some volumes incomplete</marc:subfield>
          </marc:datafield>
        </marc:record>
      </metadata>
    </record>
    <record>
      <header>
        <identifier>oai:library.rochester.edu:URVoyager1/395</identifier>
        <datestamp>2012-06-05T18:53:48Z</datestamp>
        <setSpec>hold</setSpec>
      </header>
      <metadata>
        <marc:record xmlns:marc="http://www.loc.gov/MARC21/slim" xmlns:xsi="http://www.w3.org/2001/XMLSchema-instance" xsi:schemaLocation="http://www.loc.gov/MARC21/slim http://localhost:8080/OAIToolkit/schema/MARC21slim_custom.xsd">
          <marc:leader>00545ny  a22002535  4500</marc:leader>
          <marc:controlfield tag="001">50979</marc:controlfield>
          <marc:controlfield tag="003">SIEdb</marc:controlfield>
          <marc:controlfield tag="004">46973</marc:controlfield>
          <marc:controlfield tag="007">ta</marc:controlfield>
          <marc:controlfield tag="008">9808010u    0   0001uueng0980801</marc:controlfield>
          <marc:datafield tag="014" ind1="1" ind2=" ">
            <marc:subfield code="a">ABG-2481</marc:subfield>
          </marc:datafield>
          <marc:datafield tag="014" ind1="0" ind2=" ">
            <marc:subfield code="9">CBI-1037</marc:subfield>
          </marc:datafield>
          <marc:datafield tag="852" ind1="0" ind2=" ">
            <marc:subfield code="b">aastx</marc:subfield>
            <marc:subfield code="h">P1</marc:subfield>
            <marc:subfield code="i">.S9</marc:subfield>
            <marc:subfield code="t">1</marc:subfield>
          </marc:datafield>
          <marc:datafield tag="853" ind1="2" ind2="3">
            <marc:subfield code="8">1</marc:subfield>
            <marc:subfield code="a">v.</marc:subfield>
            <marc:subfield code="t">c.</marc:subfield>
          </marc:datafield>
          <marc:datafield tag="863" ind1="4" ind2="0">
            <marc:subfield code="8">1.5000</marc:subfield>
            <marc:subfield code="a">26</marc:subfield>
            <marc:subfield code="t">1</marc:subfield>
          </marc:datafield>
          <marc:datafield tag="863" ind1="4" ind2="0">
            <marc:subfield code="8">1.5002</marc:subfield>
            <marc:subfield code="a">25</marc:subfield>
            <marc:subfield code="t">1</marc:subfield>
          </marc:datafield>
          <marc:datafield tag="863" ind1="4" ind2="0">
            <marc:subfield code="8">1.5004</marc:subfield>
            <marc:subfield code="a">21</marc:subfield>
            <marc:subfield code="t">1</marc:subfield>
          </marc:datafield>
          <marc:datafield tag="863" ind1="4" ind2="0">
            <marc:subfield code="8">1.5006</marc:subfield>
            <marc:subfield code="a">13</marc:subfield>
            <marc:subfield code="t">1</marc:subfield>
          </marc:datafield>
          <marc:datafield tag="863" ind1="4" ind2="0">
            <marc:subfield code="8">1.5008</marc:subfield>
            <marc:subfield code="a">12</marc:subfield>
            <marc:subfield code="t">1</marc:subfield>
          </marc:datafield>
          <marc:datafield tag="863" ind1="4" ind2="0">
            <marc:subfield code="8">1.5010</marc:subfield>
            <marc:subfield code="a">8</marc:subfield>
            <marc:subfield code="t">1</marc:subfield>
          </marc:datafield>
          <marc:datafield tag="863" ind1="4" ind2="0">
            <marc:subfield code="8">1.5012</marc:subfield>
            <marc:subfield code="a">7</marc:subfield>
            <marc:subfield code="t">1</marc:subfield>
          </marc:datafield>
          <marc:datafield tag="863" ind1="4" ind2="0">
            <marc:subfield code="8">1.5014</marc:subfield>
            <marc:subfield code="a">6</marc:subfield>
            <marc:subfield code="t">1</marc:subfield>
          </marc:datafield>
          <marc:datafield tag="863" ind1="4" ind2="0">
            <marc:subfield code="8">1.5016</marc:subfield>
            <marc:subfield code="a">3</marc:subfield>
            <marc:subfield code="t">1</marc:subfield>
          </marc:datafield>
          <marc:datafield tag="863" ind1="4" ind2="0">
            <marc:subfield code="8">1.5018</marc:subfield>
            <marc:subfield code="a">1</marc:subfield>
            <marc:subfield code="t">1</marc:subfield>
          </marc:datafield>
        </marc:record>
      </metadata>
    </record>
    <record>
      <header>
        <identifier>oai:library.rochester.edu:URVoyager1/396</identifier>
        <datestamp>2012-06-05T18:53:48Z</datestamp>
        <setSpec>hold</setSpec>
      </header>
      <metadata>
        <marc:record xmlns:marc="http://www.loc.gov/MARC21/slim" xmlns:xsi="http://www.w3.org/2001/XMLSchema-instance" xsi:schemaLocation="http://www.loc.gov/MARC21/slim http://localhost:8080/OAIToolkit/schema/MARC21slim_custom.xsd">
          <marc:leader>03342cy  a22011415  4500</marc:leader>
          <marc:controlfield tag="001">1234702</marc:controlfield>
          <marc:controlfield tag="003">NIUdb</marc:controlfield>
          <marc:controlfield tag="004">1033327</marc:controlfield>
          <marc:controlfield tag="005">20110822141558.0</marc:controlfield>
          <marc:controlfield tag="007">ta</marc:controlfield>
          <marc:controlfield tag="008">9808040u    0   0001uueng0980804</marc:controlfield>
          <marc:datafield tag="014" ind1="1" ind2=" ">
            <marc:subfield code="a">AXS-9213</marc:subfield>
          </marc:datafield>
          <marc:datafield tag="014" ind1="0" ind2=" ">
            <marc:subfield code="9">CSB-8839</marc:subfield>
          </marc:datafield>
          <marc:datafield tag="852" ind1="0" ind2=" ">
            <marc:subfield code="b">fmlstx</marc:subfield>
            <marc:subfield code="h">E176</marc:subfield>
            <marc:subfield code="i">.W642</marc:subfield>
            <marc:subfield code="t">1</marc:subfield>
          </marc:datafield>
          <marc:datafield tag="853" ind1="2" ind2="3">
            <marc:subfield code="8">2</marc:subfield>
            <marc:subfield code="a">(yr.)</marc:subfield>
            <marc:subfield code="t">c.</marc:subfield>
          </marc:datafield>
          <marc:datafield tag="863" ind1="4" ind2="0">
            <marc:subfield code="8">2.4900</marc:subfield>
            <marc:subfield code="a">2010 v.2</marc:subfield>
            <marc:subfield code="t">1</marc:subfield>
          </marc:datafield>
          <marc:datafield tag="863" ind1="4" ind2="0">
            <marc:subfield code="8">2.4905</marc:subfield>
            <marc:subfield code="a">2010 v.1</marc:subfield>
            <marc:subfield code="t">1</marc:subfield>
          </marc:datafield>
          <marc:datafield tag="863" ind1="4" ind2="0">
            <marc:subfield code="8">2.4910</marc:subfield>
            <marc:subfield code="a">2009 v.2</marc:subfield>
            <marc:subfield code="t">1</marc:subfield>
          </marc:datafield>
          <marc:datafield tag="863" ind1="4" ind2="0">
            <marc:subfield code="8">2.4915</marc:subfield>
            <marc:subfield code="a">2009 v.1</marc:subfield>
            <marc:subfield code="t">1</marc:subfield>
          </marc:datafield>
          <marc:datafield tag="863" ind1="4" ind2="0">
            <marc:subfield code="8">2.4920</marc:subfield>
            <marc:subfield code="a">2008 v.2</marc:subfield>
            <marc:subfield code="t">1</marc:subfield>
          </marc:datafield>
          <marc:datafield tag="863" ind1="4" ind2="0">
            <marc:subfield code="8">2.4925</marc:subfield>
            <marc:subfield code="a">2008 v.1</marc:subfield>
            <marc:subfield code="t">1</marc:subfield>
          </marc:datafield>
          <marc:datafield tag="863" ind1="4" ind2="0">
            <marc:subfield code="8">2.4930</marc:subfield>
            <marc:subfield code="a">2007 v.2</marc:subfield>
            <marc:subfield code="t">1</marc:subfield>
          </marc:datafield>
          <marc:datafield tag="863" ind1="4" ind2="0">
            <marc:subfield code="8">2.4935</marc:subfield>
            <marc:subfield code="a">2007 v.1</marc:subfield>
            <marc:subfield code="t">1</marc:subfield>
          </marc:datafield>
          <marc:datafield tag="863" ind1="4" ind2="0">
            <marc:subfield code="8">2.4940</marc:subfield>
            <marc:subfield code="a">2006 v.2</marc:subfield>
            <marc:subfield code="t">1</marc:subfield>
          </marc:datafield>
          <marc:datafield tag="863" ind1="4" ind2="0">
            <marc:subfield code="8">2.4945</marc:subfield>
            <marc:subfield code="a">2006 v.1</marc:subfield>
            <marc:subfield code="t">1</marc:subfield>
          </marc:datafield>
          <marc:datafield tag="863" ind1="4" ind2="0">
            <marc:subfield code="8">2.4950</marc:subfield>
            <marc:subfield code="a">2005 v.2</marc:subfield>
            <marc:subfield code="t">1</marc:subfield>
          </marc:datafield>
          <marc:datafield tag="863" ind1="4" ind2="0">
            <marc:subfield code="8">2.4955</marc:subfield>
            <marc:subfield code="a">2005 v.1</marc:subfield>
            <marc:subfield code="t">1</marc:subfield>
          </marc:datafield>
          <marc:datafield tag="863" ind1="4" ind2="0">
            <marc:subfield code="8">2.4960</marc:subfield>
            <marc:subfield code="a">2004 v.3</marc:subfield>
            <marc:subfield code="t">1</marc:subfield>
          </marc:datafield>
          <marc:datafield tag="863" ind1="4" ind2="0">
            <marc:subfield code="8">2.4963</marc:subfield>
            <marc:subfield code="a">2004 v.2</marc:subfield>
            <marc:subfield code="t">1</marc:subfield>
          </marc:datafield>
          <marc:datafield tag="863" ind1="4" ind2="0">
            <marc:subfield code="8">2.4966</marc:subfield>
            <marc:subfield code="a">2004 v.1</marc:subfield>
            <marc:subfield code="t">1</marc:subfield>
          </marc:datafield>
          <marc:datafield tag="863" ind1="4" ind2="0">
            <marc:subfield code="8">2.4970</marc:subfield>
            <marc:subfield code="a">2003 v.3</marc:subfield>
            <marc:subfield code="t">1</marc:subfield>
          </marc:datafield>
          <marc:datafield tag="863" ind1="4" ind2="0">
            <marc:subfield code="8">2.4973</marc:subfield>
            <marc:subfield code="a">2003 v.2</marc:subfield>
            <marc:subfield code="t">1</marc:subfield>
          </marc:datafield>
          <marc:datafield tag="863" ind1="4" ind2="0">
            <marc:subfield code="8">2.4976</marc:subfield>
            <marc:subfield code="a">2003 v.1</marc:subfield>
            <marc:subfield code="t">1</marc:subfield>
          </marc:datafield>
          <marc:datafield tag="863" ind1="4" ind2="0">
            <marc:subfield code="8">2.4980</marc:subfield>
            <marc:subfield code="a">2002 V.3</marc:subfield>
            <marc:subfield code="t">1</marc:subfield>
          </marc:datafield>
          <marc:datafield tag="863" ind1="4" ind2="0">
            <marc:subfield code="8">2.4983</marc:subfield>
            <marc:subfield code="a">2002 V.2</marc:subfield>
            <marc:subfield code="t">1</marc:subfield>
          </marc:datafield>
          <marc:datafield tag="863" ind1="4" ind2="0">
            <marc:subfield code="8">2.4986</marc:subfield>
            <marc:subfield code="a">2002 V.1</marc:subfield>
            <marc:subfield code="t">1</marc:subfield>
          </marc:datafield>
          <marc:datafield tag="863" ind1="4" ind2="0">
            <marc:subfield code="8">2.4990</marc:subfield>
            <marc:subfield code="a">2001 V.3</marc:subfield>
            <marc:subfield code="t">1</marc:subfield>
          </marc:datafield>
          <marc:datafield tag="863" ind1="4" ind2="0">
            <marc:subfield code="8">2.4993</marc:subfield>
            <marc:subfield code="a">2001 V.2</marc:subfield>
            <marc:subfield code="t">1</marc:subfield>
          </marc:datafield>
          <marc:datafield tag="863" ind1="4" ind2="0">
            <marc:subfield code="8">2.4996</marc:subfield>
            <marc:subfield code="a">2001 V.1</marc:subfield>
            <marc:subfield code="t">1</marc:subfield>
          </marc:datafield>
          <marc:datafield tag="863" ind1="4" ind2="0">
            <marc:subfield code="8">2.5000</marc:subfield>
            <marc:subfield code="a">2000 V.3</marc:subfield>
            <marc:subfield code="t">1</marc:subfield>
          </marc:datafield>
          <marc:datafield tag="863" ind1="4" ind2="0">
            <marc:subfield code="8">2.5002</marc:subfield>
            <marc:subfield code="a">2000 V.2</marc:subfield>
            <marc:subfield code="t">1</marc:subfield>
          </marc:datafield>
          <marc:datafield tag="863" ind1="4" ind2="0">
            <marc:subfield code="8">2.5004</marc:subfield>
            <marc:subfield code="a">2000 V.1</marc:subfield>
            <marc:subfield code="t">1</marc:subfield>
          </marc:datafield>
          <marc:datafield tag="863" ind1="4" ind2="0">
            <marc:subfield code="8">2.5016</marc:subfield>
            <marc:subfield code="a">1998 V.3</marc:subfield>
            <marc:subfield code="t">1</marc:subfield>
          </marc:datafield>
          <marc:datafield tag="863" ind1="4" ind2="0">
            <marc:subfield code="8">2.5018</marc:subfield>
            <marc:subfield code="a">1998 V.2</marc:subfield>
            <marc:subfield code="t">1</marc:subfield>
          </marc:datafield>
          <marc:datafield tag="863" ind1="4" ind2="0">
            <marc:subfield code="8">2.5020</marc:subfield>
            <marc:subfield code="a">1998 V.1</marc:subfield>
            <marc:subfield code="t">1</marc:subfield>
          </marc:datafield>
          <marc:datafield tag="863" ind1="4" ind2="0">
            <marc:subfield code="8">2.5036</marc:subfield>
            <marc:subfield code="a">1996 V.3</marc:subfield>
            <marc:subfield code="t">1</marc:subfield>
          </marc:datafield>
          <marc:datafield tag="863" ind1="4" ind2="0">
            <marc:subfield code="8">2.5038</marc:subfield>
            <marc:subfield code="a">1996 V.2</marc:subfield>
            <marc:subfield code="t">1</marc:subfield>
          </marc:datafield>
          <marc:datafield tag="863" ind1="4" ind2="0">
            <marc:subfield code="8">2.5040</marc:subfield>
            <marc:subfield code="a">1996 V.1</marc:subfield>
            <marc:subfield code="t">1</marc:subfield>
          </marc:datafield>
          <marc:datafield tag="863" ind1="4" ind2="0">
            <marc:subfield code="8">2.5046</marc:subfield>
            <marc:subfield code="a">1995 V.3</marc:subfield>
            <marc:subfield code="t">1</marc:subfield>
          </marc:datafield>
          <marc:datafield tag="863" ind1="4" ind2="0">
            <marc:subfield code="8">2.5048</marc:subfield>
            <marc:subfield code="a">1995 V.2</marc:subfield>
            <marc:subfield code="t">1</marc:subfield>
          </marc:datafield>
          <marc:datafield tag="863" ind1="4" ind2="0">
            <marc:subfield code="8">2.5050</marc:subfield>
            <marc:subfield code="a">1995 V.1</marc:subfield>
            <marc:subfield code="t">1</marc:subfield>
          </marc:datafield>
          <marc:datafield tag="863" ind1="4" ind2="0">
            <marc:subfield code="8">2.5056</marc:subfield>
            <marc:subfield code="a">1994 V.3</marc:subfield>
            <marc:subfield code="t">1</marc:subfield>
          </marc:datafield>
          <marc:datafield tag="863" ind1="4" ind2="0">
            <marc:subfield code="8">2.5058</marc:subfield>
            <marc:subfield code="a">1994 V.2</marc:subfield>
            <marc:subfield code="t">1</marc:subfield>
          </marc:datafield>
          <marc:datafield tag="863" ind1="4" ind2="0">
            <marc:subfield code="8">2.5060</marc:subfield>
            <marc:subfield code="a">1994 V.1</marc:subfield>
            <marc:subfield code="t">1</marc:subfield>
          </marc:datafield>
          <marc:datafield tag="863" ind1="4" ind2="0">
            <marc:subfield code="8">2.5078</marc:subfield>
            <marc:subfield code="a">1992-93 V.2</marc:subfield>
            <marc:subfield code="t">1</marc:subfield>
          </marc:datafield>
          <marc:datafield tag="863" ind1="4" ind2="0">
            <marc:subfield code="8">2.5080</marc:subfield>
            <marc:subfield code="a">1992-93 V.1</marc:subfield>
            <marc:subfield code="t">1</marc:subfield>
          </marc:datafield>
          <marc:datafield tag="863" ind1="4" ind2="0">
            <marc:subfield code="8">2.5090</marc:subfield>
            <marc:subfield code="a">1991-92 SUPPL.</marc:subfield>
            <marc:subfield code="t">1</marc:subfield>
          </marc:datafield>
          <marc:datafield tag="863" ind1="4" ind2="0">
            <marc:subfield code="8">2.5098</marc:subfield>
            <marc:subfield code="a">1990-91 V.2</marc:subfield>
            <marc:subfield code="t">1</marc:subfield>
          </marc:datafield>
          <marc:datafield tag="863" ind1="4" ind2="0">
            <marc:subfield code="8">2.5100</marc:subfield>
            <marc:subfield code="a">1990-91 V.1</marc:subfield>
            <marc:subfield code="t">1</marc:subfield>
          </marc:datafield>
          <marc:datafield tag="863" ind1="4" ind2="0">
            <marc:subfield code="8">2.5110</marc:subfield>
            <marc:subfield code="a">1989-90 SUPPL.</marc:subfield>
            <marc:subfield code="t">1</marc:subfield>
          </marc:datafield>
          <marc:datafield tag="863" ind1="4" ind2="0">
            <marc:subfield code="8">2.5118</marc:subfield>
            <marc:subfield code="a">1988-89 V.2</marc:subfield>
            <marc:subfield code="t">1</marc:subfield>
          </marc:datafield>
          <marc:datafield tag="863" ind1="4" ind2="0">
            <marc:subfield code="8">2.5120</marc:subfield>
            <marc:subfield code="a">1988-89 V.1</marc:subfield>
            <marc:subfield code="t">1</marc:subfield>
          </marc:datafield>
          <marc:datafield tag="863" ind1="4" ind2="0">
            <marc:subfield code="8">2.5130</marc:subfield>
            <marc:subfield code="a">1987-88 SUPPL.</marc:subfield>
            <marc:subfield code="t">1</marc:subfield>
          </marc:datafield>
          <marc:datafield tag="863" ind1="4" ind2="0">
            <marc:subfield code="8">2.5138</marc:subfield>
            <marc:subfield code="a">1986-87 V.2</marc:subfield>
            <marc:subfield code="t">1</marc:subfield>
          </marc:datafield>
          <marc:datafield tag="863" ind1="4" ind2="0">
            <marc:subfield code="8">2.5140</marc:subfield>
            <marc:subfield code="a">1986-87 V.1</marc:subfield>
            <marc:subfield code="t">1</marc:subfield>
          </marc:datafield>
          <marc:datafield tag="863" ind1="4" ind2="0">
            <marc:subfield code="8">2.5158</marc:subfield>
            <marc:subfield code="a">1984-85 V.2</marc:subfield>
            <marc:subfield code="t">1</marc:subfield>
          </marc:datafield>
          <marc:datafield tag="863" ind1="4" ind2="0">
            <marc:subfield code="8">2.5160</marc:subfield>
            <marc:subfield code="a">1984-85 V.1</marc:subfield>
            <marc:subfield code="t">1</marc:subfield>
          </marc:datafield>
          <marc:datafield tag="863" ind1="4" ind2="0">
            <marc:subfield code="8">2.5178</marc:subfield>
            <marc:subfield code="a">1982-83 V.2</marc:subfield>
            <marc:subfield code="t">1</marc:subfield>
          </marc:datafield>
          <marc:datafield tag="863" ind1="4" ind2="0">
            <marc:subfield code="8">2.5180</marc:subfield>
            <marc:subfield code="a">1982-83 V.1</marc:subfield>
            <marc:subfield code="t">1</marc:subfield>
          </marc:datafield>
          <marc:datafield tag="863" ind1="4" ind2="0">
            <marc:subfield code="8">2.5198</marc:subfield>
            <marc:subfield code="a">1980-81 V.2</marc:subfield>
            <marc:subfield code="t">1</marc:subfield>
          </marc:datafield>
          <marc:datafield tag="863" ind1="4" ind2="0">
            <marc:subfield code="8">2.5200</marc:subfield>
            <marc:subfield code="a">1980-81 V.1</marc:subfield>
            <marc:subfield code="t">1</marc:subfield>
          </marc:datafield>
          <marc:datafield tag="863" ind1="4" ind2="0">
            <marc:subfield code="8">2.5218</marc:subfield>
            <marc:subfield code="a">1978-79 V.2</marc:subfield>
            <marc:subfield code="t">1</marc:subfield>
          </marc:datafield>
          <marc:datafield tag="863" ind1="4" ind2="0">
            <marc:subfield code="8">2.5220</marc:subfield>
            <marc:subfield code="a">1978-79 V.1</marc:subfield>
            <marc:subfield code="t">1</marc:subfield>
          </marc:datafield>
          <marc:datafield tag="863" ind1="4" ind2="0">
            <marc:subfield code="8">2.5258</marc:subfield>
            <marc:subfield code="a">1974-75 V.2</marc:subfield>
            <marc:subfield code="t">1</marc:subfield>
          </marc:datafield>
          <marc:datafield tag="863" ind1="4" ind2="0">
            <marc:subfield code="8">2.5260</marc:subfield>
            <marc:subfield code="a">1974-75 V.1</marc:subfield>
            <marc:subfield code="t">1</marc:subfield>
          </marc:datafield>
          <marc:datafield tag="863" ind1="4" ind2="0">
            <marc:subfield code="8">2.5280</marc:subfield>
            <marc:subfield code="a">1972-73 V.1</marc:subfield>
            <marc:subfield code="t">1</marc:subfield>
          </marc:datafield>
          <marc:datafield tag="863" ind1="4" ind2="0">
            <marc:subfield code="8">2.5300</marc:subfield>
            <marc:subfield code="a">1970-71</marc:subfield>
            <marc:subfield code="t">1</marc:subfield>
          </marc:datafield>
          <marc:datafield tag="863" ind1="4" ind2="0">
            <marc:subfield code="8">2.5320</marc:subfield>
            <marc:subfield code="a">1968-69</marc:subfield>
            <marc:subfield code="t">1</marc:subfield>
          </marc:datafield>
          <marc:datafield tag="863" ind1="4" ind2="0">
            <marc:subfield code="8">2.5338</marc:subfield>
            <marc:subfield code="a">1966-67 PT.2</marc:subfield>
            <marc:subfield code="t">1</marc:subfield>
          </marc:datafield>
          <marc:datafield tag="863" ind1="4" ind2="0">
            <marc:subfield code="8">2.5340</marc:subfield>
            <marc:subfield code="a">1966-67 PT.1</marc:subfield>
            <marc:subfield code="t">1</marc:subfield>
          </marc:datafield>
          <marc:datafield tag="863" ind1="4" ind2="0">
            <marc:subfield code="8">2.5360</marc:subfield>
            <marc:subfield code="a">1964-65</marc:subfield>
            <marc:subfield code="t">1</marc:subfield>
          </marc:datafield>
          <marc:datafield tag="863" ind1="4" ind2="0">
            <marc:subfield code="8">2.5400</marc:subfield>
            <marc:subfield code="a">1960-61</marc:subfield>
            <marc:subfield code="t">1</marc:subfield>
          </marc:datafield>
          <marc:datafield tag="863" ind1="4" ind2="0">
            <marc:subfield code="8">2.5420</marc:subfield>
            <marc:subfield code="a">1958-59</marc:subfield>
            <marc:subfield code="t">1</marc:subfield>
          </marc:datafield>
          <marc:datafield tag="863" ind1="4" ind2="0">
            <marc:subfield code="8">2.5440</marc:subfield>
            <marc:subfield code="a">1956-57</marc:subfield>
            <marc:subfield code="t">1</marc:subfield>
          </marc:datafield>
          <marc:datafield tag="863" ind1="4" ind2="0">
            <marc:subfield code="8">2.5460</marc:subfield>
            <marc:subfield code="a">1954-55</marc:subfield>
            <marc:subfield code="t">1</marc:subfield>
          </marc:datafield>
          <marc:datafield tag="863" ind1="4" ind2="0">
            <marc:subfield code="8">2.5480</marc:subfield>
            <marc:subfield code="a">1952-53</marc:subfield>
            <marc:subfield code="t">1</marc:subfield>
          </marc:datafield>
          <marc:datafield tag="863" ind1="4" ind2="0">
            <marc:subfield code="8">2.5500</marc:subfield>
            <marc:subfield code="a">1950-51</marc:subfield>
            <marc:subfield code="t">1</marc:subfield>
          </marc:datafield>
          <marc:datafield tag="863" ind1="4" ind2="0">
            <marc:subfield code="8">2.5520</marc:subfield>
            <marc:subfield code="a">1948-49</marc:subfield>
            <marc:subfield code="t">1</marc:subfield>
          </marc:datafield>
          <marc:datafield tag="863" ind1="4" ind2="0">
            <marc:subfield code="8">2.5540</marc:subfield>
            <marc:subfield code="a">1946-47</marc:subfield>
            <marc:subfield code="t">1</marc:subfield>
          </marc:datafield>
          <marc:datafield tag="863" ind1="4" ind2="0">
            <marc:subfield code="8">2.5560</marc:subfield>
            <marc:subfield code="a">1944-45</marc:subfield>
            <marc:subfield code="t">1</marc:subfield>
          </marc:datafield>
          <marc:datafield tag="863" ind1="4" ind2="0">
            <marc:subfield code="8">2.5580</marc:subfield>
            <marc:subfield code="a">1942-43</marc:subfield>
            <marc:subfield code="t">1</marc:subfield>
          </marc:datafield>
          <marc:datafield tag="863" ind1="4" ind2="0">
            <marc:subfield code="8">2.5600</marc:subfield>
            <marc:subfield code="a">1940-41</marc:subfield>
            <marc:subfield code="t">1</marc:subfield>
          </marc:datafield>
          <marc:datafield tag="863" ind1="4" ind2="0">
            <marc:subfield code="8">2.5620</marc:subfield>
            <marc:subfield code="a">1938-39</marc:subfield>
            <marc:subfield code="t">1</marc:subfield>
          </marc:datafield>
          <marc:datafield tag="863" ind1="4" ind2="0">
            <marc:subfield code="8">2.5640</marc:subfield>
            <marc:subfield code="a">1936-37</marc:subfield>
            <marc:subfield code="t">1</marc:subfield>
          </marc:datafield>
          <marc:datafield tag="863" ind1="4" ind2="0">
            <marc:subfield code="8">2.5660</marc:subfield>
            <marc:subfield code="a">1934-35</marc:subfield>
            <marc:subfield code="t">1</marc:subfield>
          </marc:datafield>
          <marc:datafield tag="863" ind1="4" ind2="0">
            <marc:subfield code="8">2.5680</marc:subfield>
            <marc:subfield code="a">1932-33</marc:subfield>
            <marc:subfield code="t">1</marc:subfield>
          </marc:datafield>
          <marc:datafield tag="863" ind1="4" ind2="0">
            <marc:subfield code="8">2.5720</marc:subfield>
            <marc:subfield code="a">1928-29</marc:subfield>
            <marc:subfield code="t">1</marc:subfield>
          </marc:datafield>
          <marc:datafield tag="863" ind1="4" ind2="0">
            <marc:subfield code="8">2.5740</marc:subfield>
            <marc:subfield code="a">1926-27</marc:subfield>
            <marc:subfield code="t">1</marc:subfield>
          </marc:datafield>
        </marc:record>
      </metadata>
    </record>
    <record>
      <header>
        <identifier>oai:library.rochester.edu:URVoyager1/397</identifier>
        <datestamp>2012-06-05T18:53:48Z</datestamp>
        <setSpec>hold</setSpec>
      </header>
      <metadata>
        <marc:record xmlns:marc="http://www.loc.gov/MARC21/slim" xmlns:xsi="http://www.w3.org/2001/XMLSchema-instance" xsi:schemaLocation="http://www.loc.gov/MARC21/slim http://localhost:8080/OAIToolkit/schema/MARC21slim_custom.xsd">
          <marc:leader>00435cy  a22001935  4500</marc:leader>
          <marc:controlfield tag="001">1234703</marc:controlfield>
          <marc:controlfield tag="003">NIUdb</marc:controlfield>
          <marc:controlfield tag="004">1033327</marc:controlfield>
          <marc:controlfield tag="005">20111012140944.0</marc:controlfield>
          <marc:controlfield tag="007">ta</marc:controlfield>
          <marc:controlfield tag="008">9808040u    0   0001uueng0980804</marc:controlfield>
          <marc:datafield tag="014" ind1="1" ind2=" ">
            <marc:subfield code="a">AXS-9213</marc:subfield>
          </marc:datafield>
          <marc:datafield tag="014" ind1="0" ind2=" ">
            <marc:subfield code="9">CSB-8830</marc:subfield>
          </marc:datafield>
          <marc:datafield tag="852" ind1="0" ind2=" ">
            <marc:subfield code="b">fmlref</marc:subfield>
            <marc:subfield code="h">E176</marc:subfield>
            <marc:subfield code="i">.W642</marc:subfield>
            <marc:subfield code="t">1</marc:subfield>
          </marc:datafield>
          <marc:datafield tag="853" ind1="2" ind2="3">
            <marc:subfield code="8">2</marc:subfield>
            <marc:subfield code="a">(yr.)</marc:subfield>
            <marc:subfield code="t">c.</marc:subfield>
          </marc:datafield>
          <marc:datafield tag="863" ind1="4" ind2="0">
            <marc:subfield code="8">2.4880</marc:subfield>
            <marc:subfield code="a">2012 v.2</marc:subfield>
            <marc:subfield code="t">1</marc:subfield>
          </marc:datafield>
          <marc:datafield tag="863" ind1="4" ind2="0">
            <marc:subfield code="8">2.4885</marc:subfield>
            <marc:subfield code="a">2012 v.1</marc:subfield>
            <marc:subfield code="t">1</marc:subfield>
          </marc:datafield>
          <marc:datafield tag="863" ind1="4" ind2="0">
            <marc:subfield code="8">2.4890</marc:subfield>
            <marc:subfield code="a">2011 v.2</marc:subfield>
            <marc:subfield code="t">1</marc:subfield>
          </marc:datafield>
          <marc:datafield tag="863" ind1="4" ind2="0">
            <marc:subfield code="8">2.4895</marc:subfield>
            <marc:subfield code="a">2011 v.1</marc:subfield>
            <marc:subfield code="t">1</marc:subfield>
          </marc:datafield>
        </marc:record>
      </metadata>
    </record>
    <record>
      <header>
        <identifier>oai:library.rochester.edu:URVoyager1/398</identifier>
        <datestamp>2012-06-05T18:53:48Z</datestamp>
        <setSpec>hold</setSpec>
      </header>
      <metadata>
        <marc:record xmlns:marc="http://www.loc.gov/MARC21/slim" xmlns:xsi="http://www.w3.org/2001/XMLSchema-instance" xsi:schemaLocation="http://www.loc.gov/MARC21/slim http://localhost:8080/OAIToolkit/schema/MARC21slim_custom.xsd">
          <marc:leader>00235cy  a22001094  4500</marc:leader>
          <marc:controlfield tag="001">2268524</marc:controlfield>
          <marc:controlfield tag="003">NIUdb</marc:controlfield>
          <marc:controlfield tag="004">2076575</marc:controlfield>
          <marc:controlfield tag="005">20100601092743.0</marc:controlfield>
          <marc:controlfield tag="008">0907274u    8   1001uu   0901128</marc:controlfield>
          <marc:datafield tag="852" ind1="0" ind2=" ">
            <marc:subfield code="b">fmlpex</marc:subfield>
            <marc:subfield code="h">QA76.9.E95</marc:subfield>
            <marc:subfield code="i">A36</marc:subfield>
          </marc:datafield>
          <marc:datafield tag="866" ind1=" " ind2="0">
            <marc:subfield code="8">0</marc:subfield>
            <marc:subfield code="a">v.1, no.1 (2009)-</marc:subfield>
          </marc:datafield>
        </marc:record>
      </metadata>
    </record>
    <record>
      <header>
        <identifier>oai:library.rochester.edu:URVoyager1/399</identifier>
        <datestamp>2012-06-05T18:53:48Z</datestamp>
        <setSpec>hold</setSpec>
      </header>
      <metadata>
        <marc:record xmlns:marc="http://www.loc.gov/MARC21/slim" xmlns:xsi="http://www.w3.org/2001/XMLSchema-instance" xsi:schemaLocation="http://www.loc.gov/MARC21/slim http://localhost:8080/OAIToolkit/schema/MARC21slim_custom.xsd">
          <marc:leader>01430cy  a22005055  4500</marc:leader>
          <marc:controlfield tag="001">335969</marc:controlfield>
          <marc:controlfield tag="003">UISdb</marc:controlfield>
          <marc:controlfield tag="004">309057</marc:controlfield>
          <marc:controlfield tag="005">20071128094630.0</marc:controlfield>
          <marc:controlfield tag="007">ta</marc:controlfield>
          <marc:controlfield tag="008">9807300u    0   0001uueng0980730</marc:controlfield>
          <marc:datafield tag="014" ind1="1" ind2=" ">
            <marc:subfield code="a">AXS-9213</marc:subfield>
          </marc:datafield>
          <marc:datafield tag="014" ind1="0" ind2=" ">
            <marc:subfield code="9">BSU-8850</marc:subfield>
          </marc:datafield>
          <marc:datafield tag="852" ind1="0" ind2=" ">
            <marc:subfield code="b">General</marc:subfield>
            <marc:subfield code="h">E663</marc:subfield>
            <marc:subfield code="i">.W56</marc:subfield>
            <marc:subfield code="t">1</marc:subfield>
            <marc:subfield code="z">Latest edition in Reference</marc:subfield>
          </marc:datafield>
          <marc:datafield tag="853" ind1="2" ind2="3">
            <marc:subfield code="8">1</marc:subfield>
            <marc:subfield code="a">(yr.)</marc:subfield>
            <marc:subfield code="t">c.</marc:subfield>
          </marc:datafield>
          <marc:datafield tag="863" ind1="4" ind2="3">
            <marc:subfield code="8">1.5000</marc:subfield>
            <marc:subfield code="a">1962/1963</marc:subfield>
            <marc:subfield code="t">1</marc:subfield>
          </marc:datafield>
          <marc:datafield tag="863" ind1="4" ind2="3">
            <marc:subfield code="8">1.5002</marc:subfield>
            <marc:subfield code="a">1960/1961</marc:subfield>
            <marc:subfield code="t">1</marc:subfield>
          </marc:datafield>
          <marc:datafield tag="863" ind1="4" ind2="3">
            <marc:subfield code="8">1.5004</marc:subfield>
            <marc:subfield code="a">1958/1959</marc:subfield>
            <marc:subfield code="t">1</marc:subfield>
          </marc:datafield>
          <marc:datafield tag="863" ind1="4" ind2="3">
            <marc:subfield code="8">1.5006</marc:subfield>
            <marc:subfield code="a">1956/1957</marc:subfield>
            <marc:subfield code="t">1</marc:subfield>
          </marc:datafield>
          <marc:datafield tag="863" ind1="4" ind2="3">
            <marc:subfield code="8">1.5008</marc:subfield>
            <marc:subfield code="a">1954/1955</marc:subfield>
            <marc:subfield code="t">1</marc:subfield>
          </marc:datafield>
          <marc:datafield tag="863" ind1="4" ind2="3">
            <marc:subfield code="8">1.5010</marc:subfield>
            <marc:subfield code="a">1952/1953</marc:subfield>
            <marc:subfield code="t">1</marc:subfield>
          </marc:datafield>
          <marc:datafield tag="863" ind1="4" ind2="3">
            <marc:subfield code="8">1.5012</marc:subfield>
            <marc:subfield code="a">1950/1951</marc:subfield>
            <marc:subfield code="t">1</marc:subfield>
          </marc:datafield>
          <marc:datafield tag="863" ind1="4" ind2="3">
            <marc:subfield code="8">1.5014</marc:subfield>
            <marc:subfield code="a">1948/1949</marc:subfield>
            <marc:subfield code="t">1</marc:subfield>
          </marc:datafield>
          <marc:datafield tag="863" ind1="4" ind2="3">
            <marc:subfield code="8">1.5016</marc:subfield>
            <marc:subfield code="a">1946/1947</marc:subfield>
            <marc:subfield code="t">1</marc:subfield>
          </marc:datafield>
          <marc:datafield tag="863" ind1="4" ind2="3">
            <marc:subfield code="8">1.5018</marc:subfield>
            <marc:subfield code="a">1944/1945</marc:subfield>
            <marc:subfield code="t">1</marc:subfield>
          </marc:datafield>
          <marc:datafield tag="863" ind1="4" ind2="3">
            <marc:subfield code="8">1.5020</marc:subfield>
            <marc:subfield code="a">1942/1943</marc:subfield>
            <marc:subfield code="t">1</marc:subfield>
          </marc:datafield>
          <marc:datafield tag="863" ind1="4" ind2="3">
            <marc:subfield code="8">1.5022</marc:subfield>
            <marc:subfield code="a">1940/1941</marc:subfield>
            <marc:subfield code="t">1</marc:subfield>
          </marc:datafield>
          <marc:datafield tag="863" ind1="4" ind2="3">
            <marc:subfield code="8">1.5024</marc:subfield>
            <marc:subfield code="a">1938/1939</marc:subfield>
            <marc:subfield code="t">1</marc:subfield>
          </marc:datafield>
          <marc:datafield tag="863" ind1="4" ind2="3">
            <marc:subfield code="8">1.5025</marc:subfield>
            <marc:subfield code="a">1936/1937</marc:subfield>
            <marc:subfield code="t">1</marc:subfield>
          </marc:datafield>
          <marc:datafield tag="863" ind1="4" ind2="3">
            <marc:subfield code="8">1.5026</marc:subfield>
            <marc:subfield code="a">1934/1935</marc:subfield>
            <marc:subfield code="t">1</marc:subfield>
          </marc:datafield>
          <marc:datafield tag="863" ind1="4" ind2="3">
            <marc:subfield code="8">1.5028</marc:subfield>
            <marc:subfield code="a">1932/1933</marc:subfield>
            <marc:subfield code="t">1</marc:subfield>
          </marc:datafield>
          <marc:datafield tag="863" ind1="4" ind2="3">
            <marc:subfield code="8">1.5030</marc:subfield>
            <marc:subfield code="a">1930/1931</marc:subfield>
            <marc:subfield code="t">1</marc:subfield>
          </marc:datafield>
          <marc:datafield tag="863" ind1="4" ind2="3">
            <marc:subfield code="8">1.5032</marc:subfield>
            <marc:subfield code="a">1928/1929</marc:subfield>
            <marc:subfield code="t">1</marc:subfield>
          </marc:datafield>
          <marc:datafield tag="863" ind1="4" ind2="3">
            <marc:subfield code="8">1.5034</marc:subfield>
            <marc:subfield code="a">1926/1927</marc:subfield>
            <marc:subfield code="t">1</marc:subfield>
          </marc:datafield>
          <marc:datafield tag="863" ind1="4" ind2="3">
            <marc:subfield code="8">1.5036</marc:subfield>
            <marc:subfield code="a">1924/1925</marc:subfield>
            <marc:subfield code="t">1</marc:subfield>
          </marc:datafield>
          <marc:datafield tag="863" ind1="4" ind2="3">
            <marc:subfield code="8">1.5038</marc:subfield>
            <marc:subfield code="a">1922/1923</marc:subfield>
            <marc:subfield code="t">1</marc:subfield>
          </marc:datafield>
          <marc:datafield tag="863" ind1="4" ind2="3">
            <marc:subfield code="8">1.5040</marc:subfield>
            <marc:subfield code="a">1920/1921</marc:subfield>
            <marc:subfield code="t">1</marc:subfield>
          </marc:datafield>
          <marc:datafield tag="863" ind1="4" ind2="3">
            <marc:subfield code="8">1.5042</marc:subfield>
            <marc:subfield code="a">1918/1919</marc:subfield>
            <marc:subfield code="t">1</marc:subfield>
          </marc:datafield>
          <marc:datafield tag="863" ind1="4" ind2="3">
            <marc:subfield code="8">1.5044</marc:subfield>
            <marc:subfield code="a">1916/1917</marc:subfield>
            <marc:subfield code="t">1</marc:subfield>
          </marc:datafield>
          <marc:datafield tag="863" ind1="4" ind2="3">
            <marc:subfield code="8">1.5046</marc:subfield>
            <marc:subfield code="a">1914/1915</marc:subfield>
            <marc:subfield code="t">1</marc:subfield>
          </marc:datafield>
          <marc:datafield tag="863" ind1="4" ind2="3">
            <marc:subfield code="8">1.5048</marc:subfield>
            <marc:subfield code="a">1912/1913</marc:subfield>
            <marc:subfield code="t">1</marc:subfield>
          </marc:datafield>
          <marc:datafield tag="863" ind1="4" ind2="3">
            <marc:subfield code="8">1.5050</marc:subfield>
            <marc:subfield code="a">1910/1911</marc:subfield>
            <marc:subfield code="t">1</marc:subfield>
          </marc:datafield>
          <marc:datafield tag="863" ind1="4" ind2="3">
            <marc:subfield code="8">1.5052</marc:subfield>
            <marc:subfield code="a">1908/1909</marc:subfield>
            <marc:subfield code="t">1</marc:subfield>
          </marc:datafield>
          <marc:datafield tag="863" ind1="4" ind2="3">
            <marc:subfield code="8">1.5054</marc:subfield>
            <marc:subfield code="a">1906/1907</marc:subfield>
            <marc:subfield code="t">1</marc:subfield>
          </marc:datafield>
          <marc:datafield tag="866" ind1="3" ind2="1">
            <marc:subfield code="8">0</marc:subfield>
            <marc:subfield code="a">1906/1907-1962/1963</marc:subfield>
          </marc:datafield>
        </marc:record>
      </metadata>
    </record>
    <record>
      <header>
        <identifier>oai:library.rochester.edu:URVoyager1/400</identifier>
        <datestamp>2012-06-05T18:53:48Z</datestamp>
        <setSpec>hold</setSpec>
      </header>
      <metadata>
        <marc:record xmlns:marc="http://www.loc.gov/MARC21/slim" xmlns:xsi="http://www.w3.org/2001/XMLSchema-instance" xsi:schemaLocation="http://www.loc.gov/MARC21/slim http://localhost:8080/OAIToolkit/schema/MARC21slim_custom.xsd">
          <marc:leader>00326cy  a22001451  4500</marc:leader>
          <marc:controlfield tag="001">47034</marc:controlfield>
          <marc:controlfield tag="003">UISdb</marc:controlfield>
          <marc:controlfield tag="004">46321</marc:controlfield>
          <marc:controlfield tag="005">20070221110411.0</marc:controlfield>
          <marc:controlfield tag="008">9901280u    0   0001uu   0990128</marc:controlfield>
          <marc:datafield tag="014" ind1="1" ind2=" ">
            <marc:subfield code="a">ABG-2481</marc:subfield>
          </marc:datafield>
          <marc:datafield tag="014" ind1="0" ind2=" ">
            <marc:subfield code="9">DST-3909</marc:subfield>
          </marc:datafield>
          <marc:datafield tag="852" ind1="0" ind2="0">
            <marc:subfield code="b">General</marc:subfield>
            <marc:subfield code="h">P1</marc:subfield>
            <marc:subfield code="i">.S9</marc:subfield>
            <marc:subfield code="t">1</marc:subfield>
          </marc:datafield>
          <marc:datafield tag="866" ind1="3" ind2="1">
            <marc:subfield code="8">0</marc:subfield>
            <marc:subfield code="a">v.11,14</marc:subfield>
          </marc:datafield>
          <marc:datafield tag="866" ind1=" " ind2=" ">
            <marc:subfield code="8">0</marc:subfield>
            <marc:subfield code="z">Distinctive titles cataloged separately</marc:subfield>
          </marc:datafield>
        </marc:record>
      </metadata>
    </record>
    <record>
      <header>
        <identifier>oai:library.rochester.edu:URVoyager1/401</identifier>
        <datestamp>2012-06-05T18:53:48Z</datestamp>
        <setSpec>hold</setSpec>
      </header>
      <metadata>
        <marc:record xmlns:marc="http://www.loc.gov/MARC21/slim" xmlns:xsi="http://www.w3.org/2001/XMLSchema-instance" xsi:schemaLocation="http://www.loc.gov/MARC21/slim http://localhost:8080/OAIToolkit/schema/MARC21slim_custom.xsd">
          <marc:leader>00384cy  a22001333  4500</marc:leader>
          <marc:controlfield tag="001">757302</marc:controlfield>
          <marc:controlfield tag="003">UICdb</marc:controlfield>
          <marc:controlfield tag="004">593841</marc:controlfield>
          <marc:controlfield tag="005">20070222095236.0</marc:controlfield>
          <marc:controlfield tag="008">9304175|    8   |   ||eng       </marc:controlfield>
          <marc:datafield tag="014" ind1="1" ind2=" ">
            <marc:subfield code="a">ACM5130UI001</marc:subfield>
          </marc:datafield>
          <marc:datafield tag="014" ind1="0" ind2=" ">
            <marc:subfield code="9">000757302</marc:subfield>
          </marc:datafield>
          <marc:datafield tag="852" ind1="0" ind2="1">
            <marc:subfield code="b">MATH PER</marc:subfield>
            <marc:subfield code="h">QA241</marc:subfield>
            <marc:subfield code="i">.J67</marc:subfield>
            <marc:subfield code="z">For electronic version see another record.</marc:subfield>
            <marc:subfield code="z">Subscription cancelled after 2003.</marc:subfield>
            <marc:subfield code="x">(vg 1/13/04)</marc:subfield>
          </marc:datafield>
          <marc:datafield tag="866" ind1="3" ind2="1">
            <marc:subfield code="8">0</marc:subfield>
            <marc:subfield code="a">v.1(1969)-v.103(2003)</marc:subfield>
          </marc:datafield>
        </marc:record>
      </metadata>
    </record>
    <record>
      <header>
        <identifier>oai:library.rochester.edu:URVoyager1/402</identifier>
        <datestamp>2012-06-05T18:53:48Z</datestamp>
        <setSpec>hold</setSpec>
      </header>
      <metadata>
        <marc:record xmlns:marc="http://www.loc.gov/MARC21/slim" xmlns:xsi="http://www.w3.org/2001/XMLSchema-instance" xsi:schemaLocation="http://www.loc.gov/MARC21/slim http://localhost:8080/OAIToolkit/schema/MARC21slim_custom.xsd">
          <marc:leader>00660cy  a2200229m  4500</marc:leader>
          <marc:controlfield tag="001">728047</marc:controlfield>
          <marc:controlfield tag="003">UICdb</marc:controlfield>
          <marc:controlfield tag="004">569922</marc:controlfield>
          <marc:controlfield tag="005">20110407143610.0</marc:controlfield>
          <marc:controlfield tag="008">9304174|    8   |   ||eng       </marc:controlfield>
          <marc:datafield tag="014" ind1="1" ind2=" ">
            <marc:subfield code="a">ACK1182UI001</marc:subfield>
          </marc:datafield>
          <marc:datafield tag="014" ind1="0" ind2=" ">
            <marc:subfield code="9">000728046</marc:subfield>
          </marc:datafield>
          <marc:datafield tag="852" ind1="0" ind2="1">
            <marc:subfield code="b">PER</marc:subfield>
            <marc:subfield code="h">QA3</marc:subfield>
            <marc:subfield code="i">.A23</marc:subfield>
          </marc:datafield>
          <marc:datafield tag="866" ind1="4" ind2="1">
            <marc:subfield code="8">0</marc:subfield>
            <marc:subfield code="a">v.1(1936)-v.15(1968/1969),</marc:subfield>
          </marc:datafield>
          <marc:datafield tag="866" ind1="3" ind2="1">
            <marc:subfield code="8">0</marc:subfield>
            <marc:subfield code="a">v.17/18(190/1971)-v.66(1993)</marc:subfield>
          </marc:datafield>
          <marc:datafield tag="866" ind1="4" ind2="1">
            <marc:subfield code="8">0</marc:subfield>
            <marc:subfield code="a">v.67:no.1(1994), v.67:no.3(1994)-v.67:no.4(1994)</marc:subfield>
          </marc:datafield>
          <marc:datafield tag="866" ind1="4" ind2="1">
            <marc:subfield code="8">0</marc:subfield>
            <marc:subfield code="a">v.68(1994)-v.71(1995),</marc:subfield>
          </marc:datafield>
          <marc:datafield tag="866" ind1="4" ind2="1">
            <marc:subfield code="8">0</marc:subfield>
            <marc:subfield code="a">v.74(1996)-v.98(2001),</marc:subfield>
          </marc:datafield>
          <marc:datafield tag="866" ind1="3" ind2="1">
            <marc:subfield code="8">0</marc:subfield>
            <marc:subfield code="a">v.101(2002)-v.120(2006),</marc:subfield>
          </marc:datafield>
          <marc:datafield tag="866" ind1="4" ind2="1">
            <marc:subfield code="8">0</marc:subfield>
            <marc:subfield code="a">v.123(2006),</marc:subfield>
          </marc:datafield>
          <marc:datafield tag="866" ind1="3" ind2="1">
            <marc:subfield code="8">0</marc:subfield>
            <marc:subfield code="a">v.126(2007)-v.141(2010)</marc:subfield>
          </marc:datafield>
          <marc:datafield tag="866" ind1="4" ind2="1">
            <marc:subfield code="8">0</marc:subfield>
            <marc:subfield code="a">v.121:no.1(2006)-v.121:no.3(2006)</marc:subfield>
          </marc:datafield>
        </marc:record>
      </metadata>
    </record>
    <record>
      <header>
        <identifier>oai:library.rochester.edu:URVoyager1/403</identifier>
        <datestamp>2012-06-05T18:53:48Z</datestamp>
        <setSpec>hold</setSpec>
      </header>
      <metadata>
        <marc:record xmlns:marc="http://www.loc.gov/MARC21/slim" xmlns:xsi="http://www.w3.org/2001/XMLSchema-instance" xsi:schemaLocation="http://www.loc.gov/MARC21/slim http://localhost:8080/OAIToolkit/schema/MARC21slim_custom.xsd">
          <marc:leader>00269cy  a2200133z  4500</marc:leader>
          <marc:controlfield tag="001">153170</marc:controlfield>
          <marc:controlfield tag="003">UICdb</marc:controlfield>
          <marc:controlfield tag="004">115605</marc:controlfield>
          <marc:controlfield tag="005">20020320152011.0</marc:controlfield>
          <marc:controlfield tag="008">930417||    |   |   ||eng       </marc:controlfield>
          <marc:datafield tag="014" ind1="1" ind2=" ">
            <marc:subfield code="a">AAM6039UI001</marc:subfield>
          </marc:datafield>
          <marc:datafield tag="014" ind1="0" ind2=" ">
            <marc:subfield code="9">000153169</marc:subfield>
          </marc:datafield>
          <marc:datafield tag="852" ind1="0" ind2="1">
            <marc:subfield code="b">MAIN</marc:subfield>
            <marc:subfield code="h">P1</marc:subfield>
            <marc:subfield code="i">.S9</marc:subfield>
          </marc:datafield>
          <marc:datafield tag="866" ind1="3" ind2="0">
            <marc:subfield code="8">0</marc:subfield>
            <marc:subfield code="a">v.1-v.20</marc:subfield>
          </marc:datafield>
        </marc:record>
      </metadata>
    </record>
    <record>
      <header>
        <identifier>oai:library.rochester.edu:URVoyager1/404</identifier>
        <datestamp>2012-06-05T18:53:48Z</datestamp>
        <setSpec>hold</setSpec>
      </header>
      <metadata>
        <marc:record xmlns:marc="http://www.loc.gov/MARC21/slim" xmlns:xsi="http://www.w3.org/2001/XMLSchema-instance" xsi:schemaLocation="http://www.loc.gov/MARC21/slim http://localhost:8080/OAIToolkit/schema/MARC21slim_custom.xsd">
          <marc:leader>03505cy  a22011295  4500</marc:leader>
          <marc:controlfield tag="001">724728</marc:controlfield>
          <marc:controlfield tag="003">UIUdb</marc:controlfield>
          <marc:controlfield tag="004">560246</marc:controlfield>
          <marc:controlfield tag="005">20120511135713.0</marc:controlfield>
          <marc:controlfield tag="007">ta</marc:controlfield>
          <marc:controlfield tag="008">9807300u    0   0001uueng0980730</marc:controlfield>
          <marc:datafield tag="852" ind1="1" ind2=" ">
            <marc:subfield code="b">mtx-nc</marc:subfield>
            <marc:subfield code="h">512.705</marc:subfield>
            <marc:subfield code="i">JO</marc:subfield>
            <marc:subfield code="t">1</marc:subfield>
            <marc:subfield code="x">(Marked by v.)</marc:subfield>
            <marc:subfield code="z">Recent  issues</marc:subfield>
          </marc:datafield>
          <marc:datafield tag="853" ind1="2" ind2="3">
            <marc:subfield code="8">1</marc:subfield>
            <marc:subfield code="a">v.</marc:subfield>
            <marc:subfield code="b">no.</marc:subfield>
            <marc:subfield code="i">(year)</marc:subfield>
          </marc:datafield>
          <marc:datafield tag="863" ind1="4" ind2="0">
            <marc:subfield code="8">1.4906</marc:subfield>
            <marc:subfield code="a">132</marc:subfield>
            <marc:subfield code="b">1-4</marc:subfield>
            <marc:subfield code="i">2012</marc:subfield>
          </marc:datafield>
          <marc:datafield tag="863" ind1="4" ind2="0">
            <marc:subfield code="8">1.4908</marc:subfield>
            <marc:subfield code="a">131</marc:subfield>
            <marc:subfield code="b">9-12</marc:subfield>
            <marc:subfield code="i">2011</marc:subfield>
          </marc:datafield>
          <marc:datafield tag="863" ind1="4" ind2="0">
            <marc:subfield code="8">1.4910</marc:subfield>
            <marc:subfield code="a">131</marc:subfield>
            <marc:subfield code="b">5-8</marc:subfield>
            <marc:subfield code="i">2011</marc:subfield>
          </marc:datafield>
          <marc:datafield tag="863" ind1="4" ind2="0">
            <marc:subfield code="8">1.4912</marc:subfield>
            <marc:subfield code="a">131</marc:subfield>
            <marc:subfield code="b">1-4</marc:subfield>
            <marc:subfield code="i">2011</marc:subfield>
          </marc:datafield>
          <marc:datafield tag="863" ind1="4" ind2="0">
            <marc:subfield code="8">1.4914</marc:subfield>
            <marc:subfield code="a">130</marc:subfield>
            <marc:subfield code="b">9-12</marc:subfield>
            <marc:subfield code="i">2010</marc:subfield>
          </marc:datafield>
          <marc:datafield tag="863" ind1="4" ind2="0">
            <marc:subfield code="8">1.4916</marc:subfield>
            <marc:subfield code="a">130</marc:subfield>
            <marc:subfield code="b">5-8</marc:subfield>
            <marc:subfield code="i">2010</marc:subfield>
          </marc:datafield>
          <marc:datafield tag="863" ind1="4" ind2="0">
            <marc:subfield code="8">1.4918</marc:subfield>
            <marc:subfield code="a">130</marc:subfield>
            <marc:subfield code="b">1-4</marc:subfield>
            <marc:subfield code="i">2010</marc:subfield>
          </marc:datafield>
          <marc:datafield tag="863" ind1="4" ind2="0">
            <marc:subfield code="8">1.4920</marc:subfield>
            <marc:subfield code="a">129</marc:subfield>
            <marc:subfield code="b">9-12</marc:subfield>
            <marc:subfield code="i">2009</marc:subfield>
          </marc:datafield>
          <marc:datafield tag="863" ind1="4" ind2="0">
            <marc:subfield code="8">1.4922</marc:subfield>
            <marc:subfield code="a">129</marc:subfield>
            <marc:subfield code="b">5-8</marc:subfield>
            <marc:subfield code="i">2009</marc:subfield>
          </marc:datafield>
          <marc:datafield tag="863" ind1="4" ind2="0">
            <marc:subfield code="8">1.4924</marc:subfield>
            <marc:subfield code="a">129</marc:subfield>
            <marc:subfield code="b">1-4</marc:subfield>
            <marc:subfield code="i">2009</marc:subfield>
          </marc:datafield>
          <marc:datafield tag="863" ind1="4" ind2="0">
            <marc:subfield code="8">1.4926</marc:subfield>
            <marc:subfield code="a">128</marc:subfield>
            <marc:subfield code="b">9-12</marc:subfield>
            <marc:subfield code="i">2008</marc:subfield>
          </marc:datafield>
          <marc:datafield tag="863" ind1="4" ind2="0">
            <marc:subfield code="8">1.4928</marc:subfield>
            <marc:subfield code="a">128</marc:subfield>
            <marc:subfield code="b">5-8</marc:subfield>
            <marc:subfield code="i">2008</marc:subfield>
          </marc:datafield>
          <marc:datafield tag="863" ind1="4" ind2="0">
            <marc:subfield code="8">1.4930</marc:subfield>
            <marc:subfield code="a">128</marc:subfield>
            <marc:subfield code="b">1-4</marc:subfield>
            <marc:subfield code="i">2008</marc:subfield>
          </marc:datafield>
          <marc:datafield tag="863" ind1="4" ind2="0">
            <marc:subfield code="8">1.4932</marc:subfield>
            <marc:subfield code="a">126-127</marc:subfield>
            <marc:subfield code="i">2007</marc:subfield>
          </marc:datafield>
          <marc:datafield tag="863" ind1="4" ind2="0">
            <marc:subfield code="8">1.4934</marc:subfield>
            <marc:subfield code="a">124-125</marc:subfield>
            <marc:subfield code="i">2007</marc:subfield>
          </marc:datafield>
          <marc:datafield tag="863" ind1="4" ind2="0">
            <marc:subfield code="8">1.4936</marc:subfield>
            <marc:subfield code="a">122-123</marc:subfield>
            <marc:subfield code="i">2007</marc:subfield>
          </marc:datafield>
          <marc:datafield tag="863" ind1="4" ind2="0">
            <marc:subfield code="8">1.4938</marc:subfield>
            <marc:subfield code="a">120-121</marc:subfield>
            <marc:subfield code="i">2006</marc:subfield>
          </marc:datafield>
          <marc:datafield tag="863" ind1="4" ind2="0">
            <marc:subfield code="8">1.4940</marc:subfield>
            <marc:subfield code="a">118-119</marc:subfield>
            <marc:subfield code="i">2006</marc:subfield>
          </marc:datafield>
          <marc:datafield tag="863" ind1="4" ind2="0">
            <marc:subfield code="8">1.4942</marc:subfield>
            <marc:subfield code="a">116-117</marc:subfield>
            <marc:subfield code="i">2006</marc:subfield>
          </marc:datafield>
          <marc:datafield tag="863" ind1="4" ind2="0">
            <marc:subfield code="8">1.4944</marc:subfield>
            <marc:subfield code="a">114-115</marc:subfield>
            <marc:subfield code="i">2005</marc:subfield>
          </marc:datafield>
          <marc:datafield tag="863" ind1="4" ind2="0">
            <marc:subfield code="8">1.4946</marc:subfield>
            <marc:subfield code="a">112-113</marc:subfield>
            <marc:subfield code="i">2005</marc:subfield>
          </marc:datafield>
          <marc:datafield tag="863" ind1="4" ind2="0">
            <marc:subfield code="8">1.4958</marc:subfield>
            <marc:subfield code="a">110-111</marc:subfield>
            <marc:subfield code="i">2005</marc:subfield>
          </marc:datafield>
          <marc:datafield tag="863" ind1="4" ind2="0">
            <marc:subfield code="8">1.4960</marc:subfield>
            <marc:subfield code="a">108-109</marc:subfield>
            <marc:subfield code="i">2004</marc:subfield>
          </marc:datafield>
          <marc:datafield tag="863" ind1="4" ind2="0">
            <marc:subfield code="8">1.4962</marc:subfield>
            <marc:subfield code="a">106-107</marc:subfield>
            <marc:subfield code="i">2004</marc:subfield>
          </marc:datafield>
          <marc:datafield tag="863" ind1="4" ind2="0">
            <marc:subfield code="8">1.4964</marc:subfield>
            <marc:subfield code="a">104-105</marc:subfield>
            <marc:subfield code="i">2004</marc:subfield>
          </marc:datafield>
          <marc:datafield tag="863" ind1="4" ind2="0">
            <marc:subfield code="8">1.4966</marc:subfield>
            <marc:subfield code="a">102-103</marc:subfield>
            <marc:subfield code="i">2003</marc:subfield>
          </marc:datafield>
          <marc:datafield tag="863" ind1="4" ind2="0">
            <marc:subfield code="8">1.4968</marc:subfield>
            <marc:subfield code="a">100-101</marc:subfield>
            <marc:subfield code="i">2003</marc:subfield>
          </marc:datafield>
          <marc:datafield tag="863" ind1="4" ind2="0">
            <marc:subfield code="8">1.4970</marc:subfield>
            <marc:subfield code="a">98-99</marc:subfield>
            <marc:subfield code="i">2003</marc:subfield>
          </marc:datafield>
          <marc:datafield tag="863" ind1="4" ind2="0">
            <marc:subfield code="8">1.4972</marc:subfield>
            <marc:subfield code="a">96-97</marc:subfield>
            <marc:subfield code="i">2002</marc:subfield>
          </marc:datafield>
          <marc:datafield tag="863" ind1="4" ind2="0">
            <marc:subfield code="8">1.4974</marc:subfield>
            <marc:subfield code="a">94-95</marc:subfield>
            <marc:subfield code="i">2002</marc:subfield>
          </marc:datafield>
          <marc:datafield tag="863" ind1="4" ind2="0">
            <marc:subfield code="8">1.4976</marc:subfield>
            <marc:subfield code="a">92-93</marc:subfield>
            <marc:subfield code="i">2002</marc:subfield>
          </marc:datafield>
          <marc:datafield tag="863" ind1="4" ind2="0">
            <marc:subfield code="8">1.4978</marc:subfield>
            <marc:subfield code="a">90-91</marc:subfield>
            <marc:subfield code="i">2001</marc:subfield>
            <marc:subfield code="t">1</marc:subfield>
          </marc:datafield>
          <marc:datafield tag="863" ind1="4" ind2="0">
            <marc:subfield code="8">1.4980</marc:subfield>
            <marc:subfield code="a">88-89</marc:subfield>
            <marc:subfield code="i">2001</marc:subfield>
            <marc:subfield code="t">1</marc:subfield>
          </marc:datafield>
          <marc:datafield tag="863" ind1="4" ind2="0">
            <marc:subfield code="8">1.4982</marc:subfield>
            <marc:subfield code="a">86-87</marc:subfield>
            <marc:subfield code="i">2001</marc:subfield>
            <marc:subfield code="t">1</marc:subfield>
          </marc:datafield>
          <marc:datafield tag="863" ind1="4" ind2="0">
            <marc:subfield code="8">1.4984</marc:subfield>
            <marc:subfield code="a">84-85</marc:subfield>
            <marc:subfield code="i">2000</marc:subfield>
            <marc:subfield code="t">1</marc:subfield>
          </marc:datafield>
          <marc:datafield tag="863" ind1="4" ind2="0">
            <marc:subfield code="8">1.4986</marc:subfield>
            <marc:subfield code="a">82-83</marc:subfield>
            <marc:subfield code="i">2000</marc:subfield>
            <marc:subfield code="t">1</marc:subfield>
          </marc:datafield>
          <marc:datafield tag="863" ind1="4" ind2="0">
            <marc:subfield code="8">1.4988</marc:subfield>
            <marc:subfield code="a">80-81</marc:subfield>
            <marc:subfield code="i">2000</marc:subfield>
            <marc:subfield code="t">1</marc:subfield>
          </marc:datafield>
          <marc:datafield tag="863" ind1="4" ind2="0">
            <marc:subfield code="8">1.4990</marc:subfield>
            <marc:subfield code="a">78-79</marc:subfield>
            <marc:subfield code="i">1999</marc:subfield>
            <marc:subfield code="t">1</marc:subfield>
          </marc:datafield>
          <marc:datafield tag="863" ind1="4" ind2="0">
            <marc:subfield code="8">1.4992</marc:subfield>
            <marc:subfield code="a">76-77</marc:subfield>
            <marc:subfield code="i">1999</marc:subfield>
            <marc:subfield code="t">1</marc:subfield>
          </marc:datafield>
          <marc:datafield tag="863" ind1="4" ind2="0">
            <marc:subfield code="8">1.4994</marc:subfield>
            <marc:subfield code="a">74-75</marc:subfield>
            <marc:subfield code="i">1999</marc:subfield>
            <marc:subfield code="t">1</marc:subfield>
          </marc:datafield>
          <marc:datafield tag="863" ind1="4" ind2="0">
            <marc:subfield code="8">1.4996</marc:subfield>
            <marc:subfield code="a">71-73</marc:subfield>
            <marc:subfield code="i">1998</marc:subfield>
            <marc:subfield code="t">1</marc:subfield>
          </marc:datafield>
          <marc:datafield tag="863" ind1="4" ind2="0">
            <marc:subfield code="8">1.4998</marc:subfield>
            <marc:subfield code="a">68-70</marc:subfield>
            <marc:subfield code="i">1998</marc:subfield>
            <marc:subfield code="t">1</marc:subfield>
          </marc:datafield>
          <marc:datafield tag="863" ind1="4" ind2="0">
            <marc:subfield code="8">1.5000</marc:subfield>
            <marc:subfield code="a">65-67</marc:subfield>
            <marc:subfield code="i">1997</marc:subfield>
            <marc:subfield code="t">1</marc:subfield>
          </marc:datafield>
          <marc:datafield tag="863" ind1="4" ind2="0">
            <marc:subfield code="8">1.5002</marc:subfield>
            <marc:subfield code="a">63-64</marc:subfield>
            <marc:subfield code="i">1997</marc:subfield>
            <marc:subfield code="t">1</marc:subfield>
          </marc:datafield>
          <marc:datafield tag="863" ind1="4" ind2="0">
            <marc:subfield code="8">1.5004</marc:subfield>
            <marc:subfield code="a">61-62</marc:subfield>
            <marc:subfield code="i">1996-1997</marc:subfield>
            <marc:subfield code="t">1</marc:subfield>
          </marc:datafield>
          <marc:datafield tag="863" ind1="4" ind2="0">
            <marc:subfield code="8">1.5006</marc:subfield>
            <marc:subfield code="a">59-60</marc:subfield>
            <marc:subfield code="i">1996</marc:subfield>
            <marc:subfield code="t">1</marc:subfield>
          </marc:datafield>
          <marc:datafield tag="863" ind1="4" ind2="0">
            <marc:subfield code="8">1.5008</marc:subfield>
            <marc:subfield code="a">57-58</marc:subfield>
            <marc:subfield code="i">1996</marc:subfield>
            <marc:subfield code="t">1</marc:subfield>
          </marc:datafield>
          <marc:datafield tag="863" ind1="4" ind2="0">
            <marc:subfield code="8">1.5010</marc:subfield>
            <marc:subfield code="a">55-56</marc:subfield>
            <marc:subfield code="i">1995-1996</marc:subfield>
            <marc:subfield code="t">1</marc:subfield>
          </marc:datafield>
          <marc:datafield tag="863" ind1="4" ind2="0">
            <marc:subfield code="8">1.5012</marc:subfield>
            <marc:subfield code="a">53-54</marc:subfield>
            <marc:subfield code="i">1995</marc:subfield>
            <marc:subfield code="t">1</marc:subfield>
          </marc:datafield>
          <marc:datafield tag="863" ind1="4" ind2="0">
            <marc:subfield code="8">1.5014</marc:subfield>
            <marc:subfield code="a">51-52</marc:subfield>
            <marc:subfield code="i">1995</marc:subfield>
            <marc:subfield code="t">1</marc:subfield>
          </marc:datafield>
          <marc:datafield tag="863" ind1="4" ind2="0">
            <marc:subfield code="8">1.5016</marc:subfield>
            <marc:subfield code="a">49-50</marc:subfield>
            <marc:subfield code="i">1994-1995</marc:subfield>
            <marc:subfield code="t">1</marc:subfield>
          </marc:datafield>
          <marc:datafield tag="863" ind1="4" ind2="0">
            <marc:subfield code="8">1.5018</marc:subfield>
            <marc:subfield code="a">47-48</marc:subfield>
            <marc:subfield code="i">1994</marc:subfield>
            <marc:subfield code="t">1</marc:subfield>
          </marc:datafield>
          <marc:datafield tag="863" ind1="4" ind2="0">
            <marc:subfield code="8">1.5020</marc:subfield>
            <marc:subfield code="a">45-46</marc:subfield>
            <marc:subfield code="i">1993-1994</marc:subfield>
            <marc:subfield code="t">1</marc:subfield>
          </marc:datafield>
          <marc:datafield tag="863" ind1="4" ind2="0">
            <marc:subfield code="8">1.5022</marc:subfield>
            <marc:subfield code="a">43-44</marc:subfield>
            <marc:subfield code="i">1993</marc:subfield>
            <marc:subfield code="t">1</marc:subfield>
          </marc:datafield>
          <marc:datafield tag="863" ind1="4" ind2="0">
            <marc:subfield code="8">1.5024</marc:subfield>
            <marc:subfield code="a">41-42</marc:subfield>
            <marc:subfield code="i">1992</marc:subfield>
            <marc:subfield code="t">1</marc:subfield>
          </marc:datafield>
          <marc:datafield tag="863" ind1="4" ind2="0">
            <marc:subfield code="8">1.5026</marc:subfield>
            <marc:subfield code="a">39-40</marc:subfield>
            <marc:subfield code="i">1991-1992</marc:subfield>
            <marc:subfield code="t">1</marc:subfield>
          </marc:datafield>
          <marc:datafield tag="863" ind1="4" ind2="0">
            <marc:subfield code="8">1.5028</marc:subfield>
            <marc:subfield code="a">37-38</marc:subfield>
            <marc:subfield code="i">1991</marc:subfield>
            <marc:subfield code="t">1</marc:subfield>
          </marc:datafield>
          <marc:datafield tag="863" ind1="4" ind2="0">
            <marc:subfield code="8">1.5030</marc:subfield>
            <marc:subfield code="a">35-36</marc:subfield>
            <marc:subfield code="i">1990</marc:subfield>
            <marc:subfield code="t">1</marc:subfield>
          </marc:datafield>
          <marc:datafield tag="863" ind1="4" ind2="0">
            <marc:subfield code="8">1.5032</marc:subfield>
            <marc:subfield code="a">33-34</marc:subfield>
            <marc:subfield code="i">1989-1990</marc:subfield>
            <marc:subfield code="t">1</marc:subfield>
          </marc:datafield>
          <marc:datafield tag="863" ind1="4" ind2="0">
            <marc:subfield code="8">1.5034</marc:subfield>
            <marc:subfield code="a">32</marc:subfield>
            <marc:subfield code="i">1989</marc:subfield>
            <marc:subfield code="t">1</marc:subfield>
          </marc:datafield>
          <marc:datafield tag="863" ind1="4" ind2="0">
            <marc:subfield code="8">1.5036</marc:subfield>
            <marc:subfield code="a">31</marc:subfield>
            <marc:subfield code="i">1989</marc:subfield>
            <marc:subfield code="t">1</marc:subfield>
          </marc:datafield>
          <marc:datafield tag="863" ind1="4" ind2="0">
            <marc:subfield code="8">1.5038</marc:subfield>
            <marc:subfield code="a">30</marc:subfield>
            <marc:subfield code="i">1988</marc:subfield>
            <marc:subfield code="t">1</marc:subfield>
          </marc:datafield>
          <marc:datafield tag="863" ind1="4" ind2="0">
            <marc:subfield code="8">1.5040</marc:subfield>
            <marc:subfield code="a">28-29</marc:subfield>
            <marc:subfield code="i">1988</marc:subfield>
            <marc:subfield code="t">1</marc:subfield>
          </marc:datafield>
          <marc:datafield tag="863" ind1="4" ind2="0">
            <marc:subfield code="8">1.5042</marc:subfield>
            <marc:subfield code="a">26-27</marc:subfield>
            <marc:subfield code="i">1987</marc:subfield>
            <marc:subfield code="t">1</marc:subfield>
          </marc:datafield>
          <marc:datafield tag="863" ind1="4" ind2="0">
            <marc:subfield code="8">1.5044</marc:subfield>
            <marc:subfield code="a">24-25</marc:subfield>
            <marc:subfield code="i">1986-1987</marc:subfield>
            <marc:subfield code="t">1</marc:subfield>
          </marc:datafield>
          <marc:datafield tag="863" ind1="4" ind2="0">
            <marc:subfield code="8">1.5046</marc:subfield>
            <marc:subfield code="a">23</marc:subfield>
            <marc:subfield code="i">1986</marc:subfield>
            <marc:subfield code="t">1</marc:subfield>
          </marc:datafield>
          <marc:datafield tag="863" ind1="4" ind2="0">
            <marc:subfield code="8">1.5048</marc:subfield>
            <marc:subfield code="a">22</marc:subfield>
            <marc:subfield code="i">1986</marc:subfield>
            <marc:subfield code="t">1</marc:subfield>
          </marc:datafield>
          <marc:datafield tag="863" ind1="4" ind2="0">
            <marc:subfield code="8">1.5050</marc:subfield>
            <marc:subfield code="a">20-21</marc:subfield>
            <marc:subfield code="i">1985</marc:subfield>
            <marc:subfield code="t">1</marc:subfield>
          </marc:datafield>
          <marc:datafield tag="863" ind1="4" ind2="0">
            <marc:subfield code="8">1.5052</marc:subfield>
            <marc:subfield code="a">18-19</marc:subfield>
            <marc:subfield code="i">1984</marc:subfield>
            <marc:subfield code="t">1</marc:subfield>
          </marc:datafield>
          <marc:datafield tag="863" ind1="4" ind2="0">
            <marc:subfield code="8">1.5054</marc:subfield>
            <marc:subfield code="a">16-17</marc:subfield>
            <marc:subfield code="i">1983</marc:subfield>
            <marc:subfield code="t">1</marc:subfield>
          </marc:datafield>
          <marc:datafield tag="863" ind1="4" ind2="0">
            <marc:subfield code="8">1.5056</marc:subfield>
            <marc:subfield code="a">14-15</marc:subfield>
            <marc:subfield code="i">1981</marc:subfield>
            <marc:subfield code="t">1</marc:subfield>
          </marc:datafield>
          <marc:datafield tag="863" ind1="4" ind2="0">
            <marc:subfield code="8">1.5058</marc:subfield>
            <marc:subfield code="a">12-13</marc:subfield>
            <marc:subfield code="i">1980-1981</marc:subfield>
            <marc:subfield code="t">1</marc:subfield>
          </marc:datafield>
          <marc:datafield tag="863" ind1="4" ind2="0">
            <marc:subfield code="8">1.5060</marc:subfield>
            <marc:subfield code="a">11</marc:subfield>
            <marc:subfield code="i">1979</marc:subfield>
            <marc:subfield code="t">1</marc:subfield>
          </marc:datafield>
          <marc:datafield tag="863" ind1="4" ind2="0">
            <marc:subfield code="8">1.5062</marc:subfield>
            <marc:subfield code="a">10</marc:subfield>
            <marc:subfield code="i">1978</marc:subfield>
            <marc:subfield code="t">1</marc:subfield>
          </marc:datafield>
          <marc:datafield tag="863" ind1="4" ind2="0">
            <marc:subfield code="8">1.5064</marc:subfield>
            <marc:subfield code="a">9</marc:subfield>
            <marc:subfield code="i">1977</marc:subfield>
            <marc:subfield code="t">1</marc:subfield>
          </marc:datafield>
          <marc:datafield tag="863" ind1="4" ind2="0">
            <marc:subfield code="8">1.5066</marc:subfield>
            <marc:subfield code="a">8</marc:subfield>
            <marc:subfield code="i">1976</marc:subfield>
            <marc:subfield code="t">1</marc:subfield>
          </marc:datafield>
          <marc:datafield tag="863" ind1="4" ind2="0">
            <marc:subfield code="8">1.5068</marc:subfield>
            <marc:subfield code="a">7</marc:subfield>
            <marc:subfield code="i">1975</marc:subfield>
            <marc:subfield code="t">1</marc:subfield>
          </marc:datafield>
          <marc:datafield tag="863" ind1="4" ind2="0">
            <marc:subfield code="8">1.5070</marc:subfield>
            <marc:subfield code="a">6</marc:subfield>
            <marc:subfield code="i">1974</marc:subfield>
            <marc:subfield code="t">1</marc:subfield>
          </marc:datafield>
          <marc:datafield tag="863" ind1="4" ind2="0">
            <marc:subfield code="8">1.5072</marc:subfield>
            <marc:subfield code="a">5</marc:subfield>
            <marc:subfield code="i">1973</marc:subfield>
            <marc:subfield code="t">1</marc:subfield>
          </marc:datafield>
          <marc:datafield tag="863" ind1="4" ind2="0">
            <marc:subfield code="8">1.5074</marc:subfield>
            <marc:subfield code="a">4</marc:subfield>
            <marc:subfield code="i">1972</marc:subfield>
            <marc:subfield code="t">1</marc:subfield>
          </marc:datafield>
          <marc:datafield tag="863" ind1="4" ind2="0">
            <marc:subfield code="8">1.5076</marc:subfield>
            <marc:subfield code="a">3</marc:subfield>
            <marc:subfield code="i">1971</marc:subfield>
            <marc:subfield code="t">1</marc:subfield>
          </marc:datafield>
          <marc:datafield tag="863" ind1="4" ind2="0">
            <marc:subfield code="8">1.5078</marc:subfield>
            <marc:subfield code="a">2</marc:subfield>
            <marc:subfield code="i">1970</marc:subfield>
            <marc:subfield code="t">1</marc:subfield>
          </marc:datafield>
          <marc:datafield tag="863" ind1="4" ind2="0">
            <marc:subfield code="8">1.5080</marc:subfield>
            <marc:subfield code="a">1</marc:subfield>
            <marc:subfield code="i">1969</marc:subfield>
            <marc:subfield code="t">1</marc:subfield>
          </marc:datafield>
          <marc:datafield tag="866" ind1="4" ind2="0">
            <marc:subfield code="8">1</marc:subfield>
            <marc:subfield code="a">v.1(1969)-</marc:subfield>
          </marc:datafield>
        </marc:record>
      </metadata>
    </record>
    <record>
      <header>
        <identifier>oai:library.rochester.edu:URVoyager1/405</identifier>
        <datestamp>2012-06-05T18:53:48Z</datestamp>
        <setSpec>hold</setSpec>
      </header>
      <metadata>
        <marc:record xmlns:marc="http://www.loc.gov/MARC21/slim" xmlns:xsi="http://www.w3.org/2001/XMLSchema-instance" xsi:schemaLocation="http://www.loc.gov/MARC21/slim http://localhost:8080/OAIToolkit/schema/MARC21slim_custom.xsd">
          <marc:leader>04751cy  a22015615  4500</marc:leader>
          <marc:controlfield tag="001">724665</marc:controlfield>
          <marc:controlfield tag="003">UIUdb</marc:controlfield>
          <marc:controlfield tag="004">560211</marc:controlfield>
          <marc:controlfield tag="005">20081209152946.0</marc:controlfield>
          <marc:controlfield tag="007">ta</marc:controlfield>
          <marc:controlfield tag="008">9807300u    0   0002uueng1980730</marc:controlfield>
          <marc:datafield tag="852" ind1="1" ind2=" ">
            <marc:subfield code="b">mtx-nc</marc:subfield>
            <marc:subfield code="h">512.705</marc:subfield>
            <marc:subfield code="i">AC</marc:subfield>
            <marc:subfield code="t">1</marc:subfield>
            <marc:subfield code="x">(Marked by v.:yr.)</marc:subfield>
            <marc:subfield code="z">For later  content see UIUC Online Collection</marc:subfield>
          </marc:datafield>
          <marc:datafield tag="853" ind1="2" ind2="3">
            <marc:subfield code="8">1</marc:subfield>
            <marc:subfield code="a">v.</marc:subfield>
            <marc:subfield code="i">(year)</marc:subfield>
          </marc:datafield>
          <marc:datafield tag="853" ind1="2" ind2="3">
            <marc:subfield code="8">2</marc:subfield>
            <marc:subfield code="a">v.</marc:subfield>
            <marc:subfield code="b">no.</marc:subfield>
            <marc:subfield code="i">year</marc:subfield>
          </marc:datafield>
          <marc:datafield tag="863" ind1="4" ind2="0">
            <marc:subfield code="8">1.4898</marc:subfield>
            <marc:subfield code="a">130</marc:subfield>
            <marc:subfield code="i">2007</marc:subfield>
          </marc:datafield>
          <marc:datafield tag="863" ind1="4" ind2="0">
            <marc:subfield code="8">1.4900</marc:subfield>
            <marc:subfield code="a">129</marc:subfield>
            <marc:subfield code="i">2007</marc:subfield>
          </marc:datafield>
          <marc:datafield tag="863" ind1="4" ind2="0">
            <marc:subfield code="8">1.4902</marc:subfield>
            <marc:subfield code="a">128</marc:subfield>
            <marc:subfield code="i">2007</marc:subfield>
          </marc:datafield>
          <marc:datafield tag="863" ind1="4" ind2="0">
            <marc:subfield code="8">1.4904</marc:subfield>
            <marc:subfield code="a">127</marc:subfield>
            <marc:subfield code="i">2007</marc:subfield>
          </marc:datafield>
          <marc:datafield tag="863" ind1="4" ind2="0">
            <marc:subfield code="8">1.4906</marc:subfield>
            <marc:subfield code="a">126</marc:subfield>
            <marc:subfield code="i">2007</marc:subfield>
          </marc:datafield>
          <marc:datafield tag="863" ind1="4" ind2="0">
            <marc:subfield code="8">1.4908</marc:subfield>
            <marc:subfield code="a">125</marc:subfield>
            <marc:subfield code="i">2006</marc:subfield>
          </marc:datafield>
          <marc:datafield tag="863" ind1="4" ind2="0">
            <marc:subfield code="8">1.4910</marc:subfield>
            <marc:subfield code="a">124</marc:subfield>
            <marc:subfield code="i">2006</marc:subfield>
          </marc:datafield>
          <marc:datafield tag="863" ind1="4" ind2="0">
            <marc:subfield code="8">1.4912</marc:subfield>
            <marc:subfield code="a">123</marc:subfield>
            <marc:subfield code="i">2006</marc:subfield>
          </marc:datafield>
          <marc:datafield tag="863" ind1="4" ind2="0">
            <marc:subfield code="8">1.4914</marc:subfield>
            <marc:subfield code="a">122</marc:subfield>
            <marc:subfield code="i">2006</marc:subfield>
          </marc:datafield>
          <marc:datafield tag="863" ind1="4" ind2="0">
            <marc:subfield code="8">1.4912</marc:subfield>
            <marc:subfield code="a">121</marc:subfield>
            <marc:subfield code="i">2006</marc:subfield>
          </marc:datafield>
          <marc:datafield tag="863" ind1="4" ind2="0">
            <marc:subfield code="8">1.4914</marc:subfield>
            <marc:subfield code="a">120</marc:subfield>
            <marc:subfield code="i">2005</marc:subfield>
          </marc:datafield>
          <marc:datafield tag="863" ind1="4" ind2="0">
            <marc:subfield code="8">1.4916</marc:subfield>
            <marc:subfield code="a">119</marc:subfield>
            <marc:subfield code="i">2005</marc:subfield>
          </marc:datafield>
          <marc:datafield tag="863" ind1="4" ind2="0">
            <marc:subfield code="8">1.4918</marc:subfield>
            <marc:subfield code="a">118</marc:subfield>
            <marc:subfield code="i">2005</marc:subfield>
          </marc:datafield>
          <marc:datafield tag="863" ind1="4" ind2="0">
            <marc:subfield code="8">1.4920</marc:subfield>
            <marc:subfield code="a">117</marc:subfield>
            <marc:subfield code="i">2005</marc:subfield>
          </marc:datafield>
          <marc:datafield tag="863" ind1="4" ind2="0">
            <marc:subfield code="8">1.4922</marc:subfield>
            <marc:subfield code="a">116</marc:subfield>
            <marc:subfield code="i">2005</marc:subfield>
          </marc:datafield>
          <marc:datafield tag="863" ind1="4" ind2="0">
            <marc:subfield code="8">1.4924</marc:subfield>
            <marc:subfield code="a">115</marc:subfield>
            <marc:subfield code="i">2004</marc:subfield>
          </marc:datafield>
          <marc:datafield tag="863" ind1="4" ind2="0">
            <marc:subfield code="8">1.4926</marc:subfield>
            <marc:subfield code="a">114</marc:subfield>
            <marc:subfield code="i">2004</marc:subfield>
          </marc:datafield>
          <marc:datafield tag="863" ind1="4" ind2="0">
            <marc:subfield code="8">1.4928</marc:subfield>
            <marc:subfield code="a">113</marc:subfield>
            <marc:subfield code="i">2004</marc:subfield>
          </marc:datafield>
          <marc:datafield tag="863" ind1="4" ind2="0">
            <marc:subfield code="8">1.4930</marc:subfield>
            <marc:subfield code="a">112</marc:subfield>
            <marc:subfield code="i">2004</marc:subfield>
          </marc:datafield>
          <marc:datafield tag="863" ind1="4" ind2="0">
            <marc:subfield code="8">1.4932</marc:subfield>
            <marc:subfield code="a">111</marc:subfield>
            <marc:subfield code="i">2004</marc:subfield>
          </marc:datafield>
          <marc:datafield tag="863" ind1="4" ind2="0">
            <marc:subfield code="8">1.4934</marc:subfield>
            <marc:subfield code="a">110</marc:subfield>
            <marc:subfield code="i">2003</marc:subfield>
          </marc:datafield>
          <marc:datafield tag="863" ind1="4" ind2="0">
            <marc:subfield code="8">1.4936</marc:subfield>
            <marc:subfield code="a">109</marc:subfield>
            <marc:subfield code="i">2003</marc:subfield>
          </marc:datafield>
          <marc:datafield tag="863" ind1="4" ind2="0">
            <marc:subfield code="8">1.4938</marc:subfield>
            <marc:subfield code="a">108</marc:subfield>
            <marc:subfield code="i">2003</marc:subfield>
          </marc:datafield>
          <marc:datafield tag="863" ind1="4" ind2="0">
            <marc:subfield code="8">1.4940</marc:subfield>
            <marc:subfield code="a">107</marc:subfield>
            <marc:subfield code="i">2003</marc:subfield>
          </marc:datafield>
          <marc:datafield tag="863" ind1="4" ind2="0">
            <marc:subfield code="8">1.4942</marc:subfield>
            <marc:subfield code="a">106</marc:subfield>
            <marc:subfield code="i">2003</marc:subfield>
          </marc:datafield>
          <marc:datafield tag="863" ind1="4" ind2="0">
            <marc:subfield code="8">1.4944</marc:subfield>
            <marc:subfield code="a">105</marc:subfield>
            <marc:subfield code="i">2002</marc:subfield>
          </marc:datafield>
          <marc:datafield tag="863" ind1="4" ind2="0">
            <marc:subfield code="8">1.4946</marc:subfield>
            <marc:subfield code="a">104</marc:subfield>
            <marc:subfield code="i">2002</marc:subfield>
          </marc:datafield>
          <marc:datafield tag="863" ind1="4" ind2="0">
            <marc:subfield code="8">1.4948</marc:subfield>
            <marc:subfield code="a">103</marc:subfield>
            <marc:subfield code="i">2002</marc:subfield>
          </marc:datafield>
          <marc:datafield tag="863" ind1="4" ind2="0">
            <marc:subfield code="8">1.4950</marc:subfield>
            <marc:subfield code="a">102</marc:subfield>
            <marc:subfield code="i">2002</marc:subfield>
          </marc:datafield>
          <marc:datafield tag="863" ind1="4" ind2="0">
            <marc:subfield code="8">1.4952</marc:subfield>
            <marc:subfield code="a">101</marc:subfield>
            <marc:subfield code="i">2002</marc:subfield>
          </marc:datafield>
          <marc:datafield tag="863" ind1="4" ind2="0">
            <marc:subfield code="8">2.4954</marc:subfield>
            <marc:subfield code="a">100</marc:subfield>
            <marc:subfield code="b">2-4</marc:subfield>
            <marc:subfield code="i">2001</marc:subfield>
          </marc:datafield>
          <marc:datafield tag="863" ind1="4" ind2="0">
            <marc:subfield code="8">1.4958</marc:subfield>
            <marc:subfield code="a">98</marc:subfield>
            <marc:subfield code="i">2001</marc:subfield>
            <marc:subfield code="t">1</marc:subfield>
          </marc:datafield>
          <marc:datafield tag="863" ind1="4" ind2="0">
            <marc:subfield code="8">1.4960</marc:subfield>
            <marc:subfield code="a">97</marc:subfield>
            <marc:subfield code="i">2001</marc:subfield>
            <marc:subfield code="t">1</marc:subfield>
          </marc:datafield>
          <marc:datafield tag="863" ind1="4" ind2="0">
            <marc:subfield code="8">1.4962</marc:subfield>
            <marc:subfield code="a">96</marc:subfield>
            <marc:subfield code="i">2000-2001</marc:subfield>
            <marc:subfield code="t">1</marc:subfield>
          </marc:datafield>
          <marc:datafield tag="863" ind1="4" ind2="0">
            <marc:subfield code="8">1.4964</marc:subfield>
            <marc:subfield code="a">95</marc:subfield>
            <marc:subfield code="i">2000</marc:subfield>
            <marc:subfield code="t">1</marc:subfield>
          </marc:datafield>
          <marc:datafield tag="863" ind1="4" ind2="0">
            <marc:subfield code="8">1.4966</marc:subfield>
            <marc:subfield code="a">94</marc:subfield>
            <marc:subfield code="i">2000</marc:subfield>
            <marc:subfield code="t">1</marc:subfield>
          </marc:datafield>
          <marc:datafield tag="863" ind1="4" ind2="0">
            <marc:subfield code="8">1.4968</marc:subfield>
            <marc:subfield code="a">92-93</marc:subfield>
            <marc:subfield code="i">2000</marc:subfield>
            <marc:subfield code="t">1</marc:subfield>
          </marc:datafield>
          <marc:datafield tag="863" ind1="4" ind2="0">
            <marc:subfield code="8">1.4970</marc:subfield>
            <marc:subfield code="a">91</marc:subfield>
            <marc:subfield code="i">1999</marc:subfield>
            <marc:subfield code="t">1</marc:subfield>
          </marc:datafield>
          <marc:datafield tag="863" ind1="4" ind2="0">
            <marc:subfield code="8">1.4972</marc:subfield>
            <marc:subfield code="a">90</marc:subfield>
            <marc:subfield code="i">1999</marc:subfield>
            <marc:subfield code="t">1</marc:subfield>
          </marc:datafield>
          <marc:datafield tag="863" ind1="4" ind2="0">
            <marc:subfield code="8">1.4974</marc:subfield>
            <marc:subfield code="a">89</marc:subfield>
            <marc:subfield code="i">1999</marc:subfield>
            <marc:subfield code="t">1</marc:subfield>
          </marc:datafield>
          <marc:datafield tag="863" ind1="4" ind2="0">
            <marc:subfield code="8">1.4976</marc:subfield>
            <marc:subfield code="a">88</marc:subfield>
            <marc:subfield code="i">1999</marc:subfield>
            <marc:subfield code="t">1</marc:subfield>
          </marc:datafield>
          <marc:datafield tag="863" ind1="4" ind2="0">
            <marc:subfield code="8">1.4978</marc:subfield>
            <marc:subfield code="a">87</marc:subfield>
            <marc:subfield code="i">1998</marc:subfield>
            <marc:subfield code="t">1</marc:subfield>
          </marc:datafield>
          <marc:datafield tag="863" ind1="4" ind2="0">
            <marc:subfield code="8">1.4980</marc:subfield>
            <marc:subfield code="a">86</marc:subfield>
            <marc:subfield code="i">1998</marc:subfield>
            <marc:subfield code="t">1</marc:subfield>
          </marc:datafield>
          <marc:datafield tag="863" ind1="4" ind2="0">
            <marc:subfield code="8">1.4982</marc:subfield>
            <marc:subfield code="a">85</marc:subfield>
            <marc:subfield code="i">1998</marc:subfield>
            <marc:subfield code="t">1</marc:subfield>
          </marc:datafield>
          <marc:datafield tag="863" ind1="4" ind2="0">
            <marc:subfield code="8">1.4984</marc:subfield>
            <marc:subfield code="a">84</marc:subfield>
            <marc:subfield code="i">1998</marc:subfield>
            <marc:subfield code="t">1</marc:subfield>
          </marc:datafield>
          <marc:datafield tag="863" ind1="4" ind2="0">
            <marc:subfield code="8">1.4986</marc:subfield>
            <marc:subfield code="a">83</marc:subfield>
            <marc:subfield code="i">1998</marc:subfield>
            <marc:subfield code="t">1</marc:subfield>
          </marc:datafield>
          <marc:datafield tag="863" ind1="4" ind2="0">
            <marc:subfield code="8">1.4988</marc:subfield>
            <marc:subfield code="a">81-82</marc:subfield>
            <marc:subfield code="i">1997</marc:subfield>
            <marc:subfield code="t">1</marc:subfield>
          </marc:datafield>
          <marc:datafield tag="863" ind1="4" ind2="0">
            <marc:subfield code="8">1.4990</marc:subfield>
            <marc:subfield code="a">79-80</marc:subfield>
            <marc:subfield code="i">1997</marc:subfield>
            <marc:subfield code="t">1</marc:subfield>
          </marc:datafield>
          <marc:datafield tag="863" ind1="4" ind2="0">
            <marc:subfield code="8">1.4992</marc:subfield>
            <marc:subfield code="a">78</marc:subfield>
            <marc:subfield code="i">1996</marc:subfield>
            <marc:subfield code="t">1</marc:subfield>
          </marc:datafield>
          <marc:datafield tag="863" ind1="4" ind2="0">
            <marc:subfield code="8">1.4994</marc:subfield>
            <marc:subfield code="a">77</marc:subfield>
            <marc:subfield code="i">1996</marc:subfield>
            <marc:subfield code="t">1</marc:subfield>
          </marc:datafield>
          <marc:datafield tag="863" ind1="4" ind2="0">
            <marc:subfield code="8">1.4996</marc:subfield>
            <marc:subfield code="a">76</marc:subfield>
            <marc:subfield code="i">1996</marc:subfield>
            <marc:subfield code="t">1</marc:subfield>
          </marc:datafield>
          <marc:datafield tag="863" ind1="4" ind2="0">
            <marc:subfield code="8">1.4998</marc:subfield>
            <marc:subfield code="a">75</marc:subfield>
            <marc:subfield code="i">1996</marc:subfield>
            <marc:subfield code="t">1</marc:subfield>
          </marc:datafield>
          <marc:datafield tag="863" ind1="4" ind2="0">
            <marc:subfield code="8">1.5000</marc:subfield>
            <marc:subfield code="a">74</marc:subfield>
            <marc:subfield code="i">1996</marc:subfield>
            <marc:subfield code="t">1</marc:subfield>
          </marc:datafield>
          <marc:datafield tag="863" ind1="4" ind2="0">
            <marc:subfield code="8">1.5002</marc:subfield>
            <marc:subfield code="a">73</marc:subfield>
            <marc:subfield code="i">1995</marc:subfield>
            <marc:subfield code="t">1</marc:subfield>
          </marc:datafield>
          <marc:datafield tag="863" ind1="4" ind2="0">
            <marc:subfield code="8">1.5004</marc:subfield>
            <marc:subfield code="a">71-72</marc:subfield>
            <marc:subfield code="i">1995</marc:subfield>
            <marc:subfield code="t">1</marc:subfield>
          </marc:datafield>
          <marc:datafield tag="863" ind1="4" ind2="0">
            <marc:subfield code="8">1.5006</marc:subfield>
            <marc:subfield code="a">70</marc:subfield>
            <marc:subfield code="i">1995</marc:subfield>
            <marc:subfield code="t">1</marc:subfield>
          </marc:datafield>
          <marc:datafield tag="863" ind1="4" ind2="0">
            <marc:subfield code="8">1.5007</marc:subfield>
            <marc:subfield code="a">69</marc:subfield>
            <marc:subfield code="i">1995</marc:subfield>
            <marc:subfield code="t">1</marc:subfield>
          </marc:datafield>
          <marc:datafield tag="863" ind1="4" ind2="0">
            <marc:subfield code="8">1.5008</marc:subfield>
            <marc:subfield code="a">68</marc:subfield>
            <marc:subfield code="i">1994</marc:subfield>
            <marc:subfield code="t">1</marc:subfield>
          </marc:datafield>
          <marc:datafield tag="863" ind1="4" ind2="0">
            <marc:subfield code="8">1.5010</marc:subfield>
            <marc:subfield code="a">67</marc:subfield>
            <marc:subfield code="i">1994</marc:subfield>
            <marc:subfield code="t">1</marc:subfield>
          </marc:datafield>
          <marc:datafield tag="863" ind1="4" ind2="0">
            <marc:subfield code="8">1.5011</marc:subfield>
            <marc:subfield code="a">66</marc:subfield>
            <marc:subfield code="i">1994</marc:subfield>
            <marc:subfield code="t">1</marc:subfield>
          </marc:datafield>
          <marc:datafield tag="863" ind1="4" ind2="0">
            <marc:subfield code="8">1.5012</marc:subfield>
            <marc:subfield code="a">65</marc:subfield>
            <marc:subfield code="i">1993</marc:subfield>
            <marc:subfield code="t">1</marc:subfield>
          </marc:datafield>
          <marc:datafield tag="863" ind1="4" ind2="0">
            <marc:subfield code="8">1.5013</marc:subfield>
            <marc:subfield code="a">64</marc:subfield>
            <marc:subfield code="i">1993</marc:subfield>
            <marc:subfield code="t">1</marc:subfield>
          </marc:datafield>
          <marc:datafield tag="863" ind1="4" ind2="0">
            <marc:subfield code="8">1.5014</marc:subfield>
            <marc:subfield code="a">63</marc:subfield>
            <marc:subfield code="i">1993</marc:subfield>
            <marc:subfield code="t">1</marc:subfield>
          </marc:datafield>
          <marc:datafield tag="863" ind1="4" ind2="0">
            <marc:subfield code="8">1.5015</marc:subfield>
            <marc:subfield code="a">62</marc:subfield>
            <marc:subfield code="i">1992</marc:subfield>
            <marc:subfield code="t">1</marc:subfield>
          </marc:datafield>
          <marc:datafield tag="863" ind1="4" ind2="0">
            <marc:subfield code="8">1.5016</marc:subfield>
            <marc:subfield code="a">61</marc:subfield>
            <marc:subfield code="i">1992</marc:subfield>
            <marc:subfield code="t">1</marc:subfield>
          </marc:datafield>
          <marc:datafield tag="863" ind1="4" ind2="0">
            <marc:subfield code="8">1.5018</marc:subfield>
            <marc:subfield code="a">59-60</marc:subfield>
            <marc:subfield code="i">1991-1992</marc:subfield>
            <marc:subfield code="t">1</marc:subfield>
          </marc:datafield>
          <marc:datafield tag="863" ind1="4" ind2="0">
            <marc:subfield code="8">1.5020</marc:subfield>
            <marc:subfield code="a">57-58</marc:subfield>
            <marc:subfield code="i">1991</marc:subfield>
            <marc:subfield code="t">1</marc:subfield>
          </marc:datafield>
          <marc:datafield tag="863" ind1="4" ind2="0">
            <marc:subfield code="8">1.5022</marc:subfield>
            <marc:subfield code="a">55-56</marc:subfield>
            <marc:subfield code="i">1990</marc:subfield>
            <marc:subfield code="t">1</marc:subfield>
          </marc:datafield>
          <marc:datafield tag="863" ind1="4" ind2="0">
            <marc:subfield code="8">1.5024</marc:subfield>
            <marc:subfield code="a">54</marc:subfield>
            <marc:subfield code="i">1989-1990</marc:subfield>
            <marc:subfield code="t">1</marc:subfield>
          </marc:datafield>
          <marc:datafield tag="863" ind1="4" ind2="0">
            <marc:subfield code="8">1.5026</marc:subfield>
            <marc:subfield code="a">53</marc:subfield>
            <marc:subfield code="i">1989-1990</marc:subfield>
            <marc:subfield code="t">1</marc:subfield>
          </marc:datafield>
          <marc:datafield tag="863" ind1="4" ind2="0">
            <marc:subfield code="8">1.5028</marc:subfield>
            <marc:subfield code="a">52</marc:subfield>
            <marc:subfield code="i">1989</marc:subfield>
            <marc:subfield code="t">1</marc:subfield>
          </marc:datafield>
          <marc:datafield tag="863" ind1="4" ind2="0">
            <marc:subfield code="8">1.5030</marc:subfield>
            <marc:subfield code="a">51</marc:subfield>
            <marc:subfield code="i">1988</marc:subfield>
            <marc:subfield code="t">1</marc:subfield>
          </marc:datafield>
          <marc:datafield tag="863" ind1="4" ind2="0">
            <marc:subfield code="8">1.5034</marc:subfield>
            <marc:subfield code="a">50</marc:subfield>
            <marc:subfield code="i">1988</marc:subfield>
            <marc:subfield code="t">1</marc:subfield>
          </marc:datafield>
          <marc:datafield tag="863" ind1="4" ind2="0">
            <marc:subfield code="8">1.5036</marc:subfield>
            <marc:subfield code="a">49</marc:subfield>
            <marc:subfield code="i">1987-1988</marc:subfield>
            <marc:subfield code="t">1</marc:subfield>
          </marc:datafield>
          <marc:datafield tag="863" ind1="4" ind2="0">
            <marc:subfield code="8">1.5038</marc:subfield>
            <marc:subfield code="a">48</marc:subfield>
            <marc:subfield code="i">1987</marc:subfield>
            <marc:subfield code="t">1</marc:subfield>
          </marc:datafield>
          <marc:datafield tag="863" ind1="4" ind2="0">
            <marc:subfield code="8">1.5040</marc:subfield>
            <marc:subfield code="a">47</marc:subfield>
            <marc:subfield code="i">1986</marc:subfield>
            <marc:subfield code="t">1</marc:subfield>
          </marc:datafield>
          <marc:datafield tag="863" ind1="4" ind2="0">
            <marc:subfield code="8">1.5042</marc:subfield>
            <marc:subfield code="a">46</marc:subfield>
            <marc:subfield code="i">1985-1986</marc:subfield>
            <marc:subfield code="t">1</marc:subfield>
          </marc:datafield>
          <marc:datafield tag="863" ind1="4" ind2="0">
            <marc:subfield code="8">1.5044</marc:subfield>
            <marc:subfield code="a">45</marc:subfield>
            <marc:subfield code="i">1985-1986</marc:subfield>
            <marc:subfield code="t">1</marc:subfield>
          </marc:datafield>
          <marc:datafield tag="863" ind1="4" ind2="0">
            <marc:subfield code="8">1.5046</marc:subfield>
            <marc:subfield code="a">44</marc:subfield>
            <marc:subfield code="i">1984</marc:subfield>
            <marc:subfield code="t">1</marc:subfield>
          </marc:datafield>
          <marc:datafield tag="863" ind1="4" ind2="0">
            <marc:subfield code="8">1.5048</marc:subfield>
            <marc:subfield code="a">42-43</marc:subfield>
            <marc:subfield code="i">1982-1984</marc:subfield>
            <marc:subfield code="t">1</marc:subfield>
          </marc:datafield>
          <marc:datafield tag="863" ind1="4" ind2="0">
            <marc:subfield code="8">1.5050</marc:subfield>
            <marc:subfield code="a">40-41</marc:subfield>
            <marc:subfield code="i">1981-1982</marc:subfield>
            <marc:subfield code="t">1</marc:subfield>
          </marc:datafield>
          <marc:datafield tag="863" ind1="4" ind2="0">
            <marc:subfield code="8">1.5052</marc:subfield>
            <marc:subfield code="a">38-39</marc:subfield>
            <marc:subfield code="i">1980-1981</marc:subfield>
            <marc:subfield code="t">1</marc:subfield>
          </marc:datafield>
          <marc:datafield tag="863" ind1="4" ind2="0">
            <marc:subfield code="8">1.5054</marc:subfield>
            <marc:subfield code="a">36-37</marc:subfield>
            <marc:subfield code="i">1980</marc:subfield>
            <marc:subfield code="t">1</marc:subfield>
          </marc:datafield>
          <marc:datafield tag="863" ind1="4" ind2="0">
            <marc:subfield code="8">1.5056</marc:subfield>
            <marc:subfield code="a">34-35</marc:subfield>
            <marc:subfield code="i">1977-1979</marc:subfield>
            <marc:subfield code="t">1</marc:subfield>
          </marc:datafield>
          <marc:datafield tag="863" ind1="4" ind2="0">
            <marc:subfield code="8">1.5058</marc:subfield>
            <marc:subfield code="a">33</marc:subfield>
            <marc:subfield code="i">1977</marc:subfield>
            <marc:subfield code="t">1</marc:subfield>
          </marc:datafield>
          <marc:datafield tag="863" ind1="4" ind2="0">
            <marc:subfield code="8">1.5060</marc:subfield>
            <marc:subfield code="a">32</marc:subfield>
            <marc:subfield code="i">1977</marc:subfield>
            <marc:subfield code="t">1</marc:subfield>
          </marc:datafield>
          <marc:datafield tag="863" ind1="4" ind2="0">
            <marc:subfield code="8">1.5062</marc:subfield>
            <marc:subfield code="a">31</marc:subfield>
            <marc:subfield code="i">1976</marc:subfield>
            <marc:subfield code="t">1</marc:subfield>
          </marc:datafield>
          <marc:datafield tag="863" ind1="4" ind2="0">
            <marc:subfield code="8">1.5064</marc:subfield>
            <marc:subfield code="a">30</marc:subfield>
            <marc:subfield code="i">1976</marc:subfield>
            <marc:subfield code="t">1</marc:subfield>
          </marc:datafield>
          <marc:datafield tag="863" ind1="4" ind2="0">
            <marc:subfield code="8">1.5066</marc:subfield>
            <marc:subfield code="a">29</marc:subfield>
            <marc:subfield code="i">1976</marc:subfield>
            <marc:subfield code="t">1</marc:subfield>
          </marc:datafield>
          <marc:datafield tag="863" ind1="4" ind2="0">
            <marc:subfield code="8">1.5068</marc:subfield>
            <marc:subfield code="a">28</marc:subfield>
            <marc:subfield code="i">1975-1976</marc:subfield>
            <marc:subfield code="t">1</marc:subfield>
          </marc:datafield>
          <marc:datafield tag="863" ind1="4" ind2="0">
            <marc:subfield code="8">1.5070</marc:subfield>
            <marc:subfield code="a">27</marc:subfield>
            <marc:subfield code="i">1975</marc:subfield>
            <marc:subfield code="t">1</marc:subfield>
          </marc:datafield>
          <marc:datafield tag="863" ind1="4" ind2="0">
            <marc:subfield code="8">1.5072</marc:subfield>
            <marc:subfield code="a">26</marc:subfield>
            <marc:subfield code="i">1974-1975</marc:subfield>
            <marc:subfield code="t">1</marc:subfield>
          </marc:datafield>
          <marc:datafield tag="863" ind1="4" ind2="0">
            <marc:subfield code="8">1.5074</marc:subfield>
            <marc:subfield code="a">25</marc:subfield>
            <marc:subfield code="i">1973-1974</marc:subfield>
            <marc:subfield code="t">1</marc:subfield>
          </marc:datafield>
          <marc:datafield tag="863" ind1="4" ind2="0">
            <marc:subfield code="8">1.5076</marc:subfield>
            <marc:subfield code="a">24</marc:subfield>
            <marc:subfield code="i">1973</marc:subfield>
            <marc:subfield code="t">1</marc:subfield>
          </marc:datafield>
          <marc:datafield tag="863" ind1="4" ind2="0">
            <marc:subfield code="8">1.5078</marc:subfield>
            <marc:subfield code="a">23</marc:subfield>
            <marc:subfield code="i">1973</marc:subfield>
            <marc:subfield code="t">1</marc:subfield>
          </marc:datafield>
          <marc:datafield tag="863" ind1="4" ind2="0">
            <marc:subfield code="8">1.5080</marc:subfield>
            <marc:subfield code="a">22</marc:subfield>
            <marc:subfield code="i">1972-1973</marc:subfield>
            <marc:subfield code="t">1</marc:subfield>
          </marc:datafield>
          <marc:datafield tag="863" ind1="4" ind2="0">
            <marc:subfield code="8">1.5082</marc:subfield>
            <marc:subfield code="a">21</marc:subfield>
            <marc:subfield code="i">1972</marc:subfield>
            <marc:subfield code="t">1</marc:subfield>
          </marc:datafield>
          <marc:datafield tag="863" ind1="4" ind2="0">
            <marc:subfield code="8">1.5084</marc:subfield>
            <marc:subfield code="a">20</marc:subfield>
            <marc:subfield code="i">1972</marc:subfield>
            <marc:subfield code="t">1</marc:subfield>
          </marc:datafield>
          <marc:datafield tag="863" ind1="4" ind2="0">
            <marc:subfield code="8">1.5086</marc:subfield>
            <marc:subfield code="a">19</marc:subfield>
            <marc:subfield code="i">1971</marc:subfield>
            <marc:subfield code="t">1</marc:subfield>
          </marc:datafield>
          <marc:datafield tag="863" ind1="4" ind2="0">
            <marc:subfield code="8">1.5088</marc:subfield>
            <marc:subfield code="a">18</marc:subfield>
            <marc:subfield code="i">1971</marc:subfield>
            <marc:subfield code="t">1</marc:subfield>
          </marc:datafield>
          <marc:datafield tag="863" ind1="4" ind2="0">
            <marc:subfield code="8">1.5090</marc:subfield>
            <marc:subfield code="a">17</marc:subfield>
            <marc:subfield code="i">1970-1971</marc:subfield>
            <marc:subfield code="t">1</marc:subfield>
          </marc:datafield>
          <marc:datafield tag="863" ind1="4" ind2="0">
            <marc:subfield code="8">1.5092</marc:subfield>
            <marc:subfield code="a">16</marc:subfield>
            <marc:subfield code="i">1969-1970</marc:subfield>
            <marc:subfield code="t">1</marc:subfield>
          </marc:datafield>
          <marc:datafield tag="863" ind1="4" ind2="0">
            <marc:subfield code="8">1.5094</marc:subfield>
            <marc:subfield code="a">15</marc:subfield>
            <marc:subfield code="i">1968-1969</marc:subfield>
            <marc:subfield code="t">1</marc:subfield>
          </marc:datafield>
          <marc:datafield tag="863" ind1="4" ind2="0">
            <marc:subfield code="8">1.5096</marc:subfield>
            <marc:subfield code="a">14</marc:subfield>
            <marc:subfield code="i">1968</marc:subfield>
            <marc:subfield code="t">1</marc:subfield>
          </marc:datafield>
          <marc:datafield tag="863" ind1="4" ind2="0">
            <marc:subfield code="8">1.5098</marc:subfield>
            <marc:subfield code="a">13</marc:subfield>
            <marc:subfield code="i">1967-1968</marc:subfield>
            <marc:subfield code="t">1</marc:subfield>
          </marc:datafield>
          <marc:datafield tag="863" ind1="4" ind2="0">
            <marc:subfield code="8">1.5100</marc:subfield>
            <marc:subfield code="a">12</marc:subfield>
            <marc:subfield code="i">1966-1967</marc:subfield>
            <marc:subfield code="t">1</marc:subfield>
          </marc:datafield>
          <marc:datafield tag="863" ind1="4" ind2="0">
            <marc:subfield code="8">1.5102</marc:subfield>
            <marc:subfield code="a">11</marc:subfield>
            <marc:subfield code="i">1965-1966</marc:subfield>
            <marc:subfield code="t">1</marc:subfield>
          </marc:datafield>
          <marc:datafield tag="863" ind1="4" ind2="0">
            <marc:subfield code="8">1.5104</marc:subfield>
            <marc:subfield code="a">10</marc:subfield>
            <marc:subfield code="i">1964-1965</marc:subfield>
            <marc:subfield code="t">1</marc:subfield>
          </marc:datafield>
          <marc:datafield tag="863" ind1="4" ind2="0">
            <marc:subfield code="8">1.5106</marc:subfield>
            <marc:subfield code="a">9</marc:subfield>
            <marc:subfield code="i">1964</marc:subfield>
            <marc:subfield code="t">1</marc:subfield>
          </marc:datafield>
          <marc:datafield tag="863" ind1="4" ind2="0">
            <marc:subfield code="8">1.5108</marc:subfield>
            <marc:subfield code="a">8</marc:subfield>
            <marc:subfield code="i">1962-1963</marc:subfield>
            <marc:subfield code="t">1</marc:subfield>
          </marc:datafield>
          <marc:datafield tag="863" ind1="4" ind2="0">
            <marc:subfield code="8">1.5110</marc:subfield>
            <marc:subfield code="a">7</marc:subfield>
            <marc:subfield code="i">1961-1962</marc:subfield>
            <marc:subfield code="t">1</marc:subfield>
          </marc:datafield>
          <marc:datafield tag="863" ind1="4" ind2="0">
            <marc:subfield code="8">1.5112</marc:subfield>
            <marc:subfield code="a">6</marc:subfield>
            <marc:subfield code="i">1960-1961</marc:subfield>
            <marc:subfield code="t">1</marc:subfield>
          </marc:datafield>
          <marc:datafield tag="863" ind1="4" ind2="0">
            <marc:subfield code="8">1.5114</marc:subfield>
            <marc:subfield code="a">5</marc:subfield>
            <marc:subfield code="i">1959</marc:subfield>
            <marc:subfield code="t">1</marc:subfield>
          </marc:datafield>
          <marc:datafield tag="863" ind1="4" ind2="0">
            <marc:subfield code="8">1.5116</marc:subfield>
            <marc:subfield code="a">4</marc:subfield>
            <marc:subfield code="i">1958</marc:subfield>
            <marc:subfield code="t">1</marc:subfield>
          </marc:datafield>
          <marc:datafield tag="863" ind1="4" ind2="0">
            <marc:subfield code="8">1.5118</marc:subfield>
            <marc:subfield code="a">3</marc:subfield>
            <marc:subfield code="i">1938-1939</marc:subfield>
            <marc:subfield code="t">1</marc:subfield>
          </marc:datafield>
          <marc:datafield tag="863" ind1="4" ind2="0">
            <marc:subfield code="8">1.5120</marc:subfield>
            <marc:subfield code="a">2</marc:subfield>
            <marc:subfield code="i">1936-1937</marc:subfield>
            <marc:subfield code="t">1</marc:subfield>
          </marc:datafield>
          <marc:datafield tag="863" ind1="4" ind2="0">
            <marc:subfield code="8">1.5122</marc:subfield>
            <marc:subfield code="a">1-15 CUM.INDEX</marc:subfield>
            <marc:subfield code="i">1937-1969</marc:subfield>
            <marc:subfield code="t">1</marc:subfield>
          </marc:datafield>
          <marc:datafield tag="863" ind1="4" ind2="0">
            <marc:subfield code="8">1.5124</marc:subfield>
            <marc:subfield code="a">1</marc:subfield>
            <marc:subfield code="i">1935</marc:subfield>
            <marc:subfield code="t">1</marc:subfield>
          </marc:datafield>
          <marc:datafield tag="866" ind1="4" ind2="0">
            <marc:subfield code="8">1</marc:subfield>
            <marc:subfield code="a">v.1(1935)-v.130(2007)</marc:subfield>
          </marc:datafield>
        </marc:record>
      </metadata>
    </record>
    <record>
      <header>
        <identifier>oai:library.rochester.edu:URVoyager1/406</identifier>
        <datestamp>2012-06-05T18:53:48Z</datestamp>
        <setSpec>hold</setSpec>
      </header>
      <metadata>
        <marc:record xmlns:marc="http://www.loc.gov/MARC21/slim" xmlns:xsi="http://www.w3.org/2001/XMLSchema-instance" xsi:schemaLocation="http://www.loc.gov/MARC21/slim http://localhost:8080/OAIToolkit/schema/MARC21slim_custom.xsd">
          <marc:leader>00934cy  a22003375  4500</marc:leader>
          <marc:controlfield tag="001">408833</marc:controlfield>
          <marc:controlfield tag="003">UIUdb</marc:controlfield>
          <marc:controlfield tag="004">306744</marc:controlfield>
          <marc:controlfield tag="005">20120530165251.0</marc:controlfield>
          <marc:controlfield tag="007">ta</marc:controlfield>
          <marc:controlfield tag="008">9808010u    0   0002uueng1980801</marc:controlfield>
          <marc:datafield tag="852" ind1="0" ind2=" ">
            <marc:subfield code="b">llx</marc:subfield>
            <marc:subfield code="h">P1</marc:subfield>
            <marc:subfield code="i">.S9</marc:subfield>
            <marc:subfield code="t">1</marc:subfield>
            <marc:subfield code="x">(Contin; Marked by v.)</marc:subfield>
            <marc:subfield code="z">Recent issues in Literatures and Languages Library</marc:subfield>
            <marc:subfield code="z">Previous volumes in Main Stacks</marc:subfield>
          </marc:datafield>
          <marc:datafield tag="853" ind1="2" ind2="3">
            <marc:subfield code="8">1</marc:subfield>
            <marc:subfield code="a">v.</marc:subfield>
            <marc:subfield code="i">(year)</marc:subfield>
          </marc:datafield>
          <marc:datafield tag="863" ind1="4" ind2="0">
            <marc:subfield code="8">1.4985</marc:subfield>
            <marc:subfield code="a">37</marc:subfield>
            <marc:subfield code="i">2011</marc:subfield>
          </marc:datafield>
          <marc:datafield tag="863" ind1="4" ind2="0">
            <marc:subfield code="8">1.4986</marc:subfield>
            <marc:subfield code="a">36</marc:subfield>
            <marc:subfield code="i">2008</marc:subfield>
          </marc:datafield>
          <marc:datafield tag="863" ind1="4" ind2="0">
            <marc:subfield code="8">1.4988</marc:subfield>
            <marc:subfield code="a">35</marc:subfield>
            <marc:subfield code="i">2005</marc:subfield>
          </marc:datafield>
          <marc:datafield tag="863" ind1="4" ind2="0">
            <marc:subfield code="8">1.4990</marc:subfield>
            <marc:subfield code="a">34</marc:subfield>
            <marc:subfield code="i">2001</marc:subfield>
          </marc:datafield>
          <marc:datafield tag="863" ind1="4" ind2="0">
            <marc:subfield code="8">1.4992</marc:subfield>
            <marc:subfield code="a">33</marc:subfield>
            <marc:subfield code="i">2001</marc:subfield>
          </marc:datafield>
          <marc:datafield tag="863" ind1="4" ind2="0">
            <marc:subfield code="8">1.4994</marc:subfield>
            <marc:subfield code="a">32</marc:subfield>
            <marc:subfield code="i">2000</marc:subfield>
          </marc:datafield>
          <marc:datafield tag="863" ind1="4" ind2="0">
            <marc:subfield code="8">1.4996</marc:subfield>
            <marc:subfield code="a">31</marc:subfield>
            <marc:subfield code="i">1998</marc:subfield>
          </marc:datafield>
          <marc:datafield tag="863" ind1="4" ind2="0">
            <marc:subfield code="8">1.4998</marc:subfield>
            <marc:subfield code="a">30</marc:subfield>
            <marc:subfield code="i">1998</marc:subfield>
          </marc:datafield>
          <marc:datafield tag="863" ind1="4" ind2="0">
            <marc:subfield code="8">1.5000</marc:subfield>
            <marc:subfield code="a">29</marc:subfield>
            <marc:subfield code="i">1998</marc:subfield>
          </marc:datafield>
          <marc:datafield tag="863" ind1="4" ind2="0">
            <marc:subfield code="8">1.5002</marc:subfield>
            <marc:subfield code="a">28</marc:subfield>
            <marc:subfield code="i">1995</marc:subfield>
          </marc:datafield>
          <marc:datafield tag="863" ind1="4" ind2="0">
            <marc:subfield code="8">1.5004</marc:subfield>
            <marc:subfield code="a">27</marc:subfield>
            <marc:subfield code="i">1994</marc:subfield>
          </marc:datafield>
          <marc:datafield tag="863" ind1="4" ind2="0">
            <marc:subfield code="8">1.5006</marc:subfield>
            <marc:subfield code="a">26</marc:subfield>
            <marc:subfield code="i">1992</marc:subfield>
          </marc:datafield>
          <marc:datafield tag="863" ind1="4" ind2="0">
            <marc:subfield code="8">1.5008</marc:subfield>
            <marc:subfield code="a">25</marc:subfield>
            <marc:subfield code="i">1991</marc:subfield>
          </marc:datafield>
          <marc:datafield tag="863" ind1="4" ind2="0">
            <marc:subfield code="8">1.5010</marc:subfield>
            <marc:subfield code="a">24</marc:subfield>
            <marc:subfield code="i">1990</marc:subfield>
          </marc:datafield>
          <marc:datafield tag="863" ind1="4" ind2="0">
            <marc:subfield code="8">1.5012</marc:subfield>
            <marc:subfield code="a">23</marc:subfield>
            <marc:subfield code="i">1990</marc:subfield>
          </marc:datafield>
          <marc:datafield tag="863" ind1="4" ind2="0">
            <marc:subfield code="8">1.5014</marc:subfield>
            <marc:subfield code="a">22</marc:subfield>
            <marc:subfield code="i">1989</marc:subfield>
          </marc:datafield>
          <marc:datafield tag="863" ind1="4" ind2="0">
            <marc:subfield code="8">1.5016</marc:subfield>
            <marc:subfield code="a">21</marc:subfield>
            <marc:subfield code="i">1988</marc:subfield>
          </marc:datafield>
          <marc:datafield tag="866" ind1="4" ind2="0">
            <marc:subfield code="8">1</marc:subfield>
            <marc:subfield code="a">v.21(1988)-</marc:subfield>
          </marc:datafield>
        </marc:record>
      </metadata>
    </record>
    <record>
      <header>
        <identifier>oai:library.rochester.edu:URVoyager1/407</identifier>
        <datestamp>2012-06-05T18:53:48Z</datestamp>
        <setSpec>hold</setSpec>
      </header>
      <metadata>
        <marc:record xmlns:marc="http://www.loc.gov/MARC21/slim" xmlns:xsi="http://www.w3.org/2001/XMLSchema-instance" xsi:schemaLocation="http://www.loc.gov/MARC21/slim http://localhost:8080/OAIToolkit/schema/MARC21slim_custom.xsd">
          <marc:leader>00330cy  a22001334  4500</marc:leader>
          <marc:controlfield tag="001">6688513</marc:controlfield>
          <marc:controlfield tag="003">UIUdb</marc:controlfield>
          <marc:controlfield tag="004">5978251</marc:controlfield>
          <marc:controlfield tag="005">20110419115932.0</marc:controlfield>
          <marc:controlfield tag="008">0908074u    8   1001uu   0901128</marc:controlfield>
          <marc:datafield tag="852" ind1="1" ind2=" ">
            <marc:subfield code="b">engnr-nc</marc:subfield>
            <marc:subfield code="h">005.7405</marc:subfield>
            <marc:subfield code="i">AC</marc:subfield>
            <marc:subfield code="t">1</marc:subfield>
            <marc:subfield code="x">(Received direct; Marked by v.)</marc:subfield>
          </marc:datafield>
          <marc:datafield tag="853" ind1="2" ind2="3">
            <marc:subfield code="8">1</marc:subfield>
            <marc:subfield code="a">v.</marc:subfield>
            <marc:subfield code="i">(year)</marc:subfield>
          </marc:datafield>
          <marc:datafield tag="863" ind1="4" ind2="0">
            <marc:subfield code="8">1.5000</marc:subfield>
            <marc:subfield code="a">1</marc:subfield>
            <marc:subfield code="b">1-3</marc:subfield>
            <marc:subfield code="i">2009</marc:subfield>
          </marc:datafield>
          <marc:datafield tag="866" ind1="4" ind2="0">
            <marc:subfield code="8">1</marc:subfield>
            <marc:subfield code="a">v.1(2009)-</marc:subfield>
          </marc:datafield>
        </marc:record>
      </metadata>
    </record>
    <record>
      <header>
        <identifier>oai:library.rochester.edu:URVoyager1/408</identifier>
        <datestamp>2012-06-05T18:53:48Z</datestamp>
        <setSpec>hold</setSpec>
      </header>
      <metadata>
        <marc:record xmlns:marc="http://www.loc.gov/MARC21/slim" xmlns:xsi="http://www.w3.org/2001/XMLSchema-instance" xsi:schemaLocation="http://www.loc.gov/MARC21/slim http://localhost:8080/OAIToolkit/schema/MARC21slim_custom.xsd">
          <marc:leader>00276ny  a22001331  4500</marc:leader>
          <marc:controlfield tag="001">52138</marc:controlfield>
          <marc:controlfield tag="003">IMSdb</marc:controlfield>
          <marc:controlfield tag="004">50316</marc:controlfield>
          <marc:controlfield tag="005">20080204141755.0</marc:controlfield>
          <marc:controlfield tag="007">ta</marc:controlfield>
          <marc:controlfield tag="008">0802044u    8   1001uu   0901128</marc:controlfield>
          <marc:datafield tag="852" ind1="1" ind2=" ">
            <marc:subfield code="b">reference</marc:subfield>
            <marc:subfield code="k">R.</marc:subfield>
            <marc:subfield code="h">916</marc:subfield>
            <marc:subfield code="i">DOSTAFRI</marc:subfield>
            <marc:subfield code="t">1</marc:subfield>
          </marc:datafield>
          <marc:datafield tag="853" ind1="2" ind2="3">
            <marc:subfield code="8">1</marc:subfield>
            <marc:subfield code="a">(yr.)</marc:subfield>
            <marc:subfield code="t">c.</marc:subfield>
          </marc:datafield>
          <marc:datafield tag="863" ind1="4" ind2="0">
            <marc:subfield code="8">1.10</marc:subfield>
            <marc:subfield code="a">2007</marc:subfield>
            <marc:subfield code="t">1</marc:subfield>
          </marc:datafield>
        </marc:record>
      </metadata>
    </record>
    <record>
      <header>
        <identifier>oai:library.rochester.edu:URVoyager1/409</identifier>
        <datestamp>2012-06-05T18:53:48Z</datestamp>
        <setSpec>hold</setSpec>
      </header>
      <metadata>
        <marc:record xmlns:marc="http://www.loc.gov/MARC21/slim" xmlns:xsi="http://www.w3.org/2001/XMLSchema-instance" xsi:schemaLocation="http://www.loc.gov/MARC21/slim http://localhost:8080/OAIToolkit/schema/MARC21slim_custom.xsd">
          <marc:leader>00247cx  a22001211  4500</marc:leader>
          <marc:controlfield tag="001">38288</marc:controlfield>
          <marc:controlfield tag="003">KCCdb</marc:controlfield>
          <marc:controlfield tag="004">35440</marc:controlfield>
          <marc:controlfield tag="005">20100315134712.0</marc:controlfield>
          <marc:controlfield tag="008">0010310u    0   0001uu   0001031</marc:controlfield>
          <marc:datafield tag="014" ind1="1" ind2=" ">
            <marc:subfield code="a">AXP-7756</marc:subfield>
          </marc:datafield>
          <marc:datafield tag="014" ind1="0" ind2=" ">
            <marc:subfield code="9">DZX-1229</marc:subfield>
          </marc:datafield>
          <marc:datafield tag="852" ind1="0" ind2=" ">
            <marc:subfield code="b">KCCRef</marc:subfield>
            <marc:subfield code="h">F1414</marc:subfield>
            <marc:subfield code="i">.G6 1992</marc:subfield>
            <marc:subfield code="t">1</marc:subfield>
          </marc:datafield>
        </marc:record>
      </metadata>
    </record>
    <record>
      <header>
        <identifier>oai:library.rochester.edu:URVoyager1/410</identifier>
        <datestamp>2012-06-05T18:53:48Z</datestamp>
        <setSpec>hold</setSpec>
      </header>
      <metadata>
        <marc:record xmlns:marc="http://www.loc.gov/MARC21/slim" xmlns:xsi="http://www.w3.org/2001/XMLSchema-instance" xsi:schemaLocation="http://www.loc.gov/MARC21/slim http://localhost:8080/OAIToolkit/schema/MARC21slim_custom.xsd">
          <marc:leader>00318cy  a22001575  4500</marc:leader>
          <marc:controlfield tag="001">58441</marc:controlfield>
          <marc:controlfield tag="003">JUDdb</marc:controlfield>
          <marc:controlfield tag="004">57355</marc:controlfield>
          <marc:controlfield tag="005">20120201165013.0</marc:controlfield>
          <marc:controlfield tag="007">ta</marc:controlfield>
          <marc:controlfield tag="008">9808030u    0   0001uueng0980803</marc:controlfield>
          <marc:datafield tag="014" ind1="1" ind2=" ">
            <marc:subfield code="a">AMJ-4549</marc:subfield>
          </marc:datafield>
          <marc:datafield tag="014" ind1="0" ind2=" ">
            <marc:subfield code="a">CPW-3117</marc:subfield>
          </marc:datafield>
          <marc:datafield tag="852" ind1="0" ind2=" ">
            <marc:subfield code="b">Stacks</marc:subfield>
            <marc:subfield code="h">D901</marc:subfield>
            <marc:subfield code="i">.W47</marc:subfield>
            <marc:subfield code="t">1</marc:subfield>
          </marc:datafield>
          <marc:datafield tag="853" ind1="2" ind2="3">
            <marc:subfield code="8">1</marc:subfield>
            <marc:subfield code="a">(yr.)</marc:subfield>
            <marc:subfield code="t">c.</marc:subfield>
          </marc:datafield>
          <marc:datafield tag="863" ind1="4" ind2="0">
            <marc:subfield code="8">1.1982</marc:subfield>
            <marc:subfield code="a">2011</marc:subfield>
            <marc:subfield code="t">1</marc:subfield>
          </marc:datafield>
        </marc:record>
      </metadata>
    </record>
    <record>
      <header>
        <identifier>oai:library.rochester.edu:URVoyager1/411</identifier>
        <datestamp>2012-06-05T18:53:48Z</datestamp>
        <setSpec>hold</setSpec>
      </header>
      <metadata>
        <marc:record xmlns:marc="http://www.loc.gov/MARC21/slim" xmlns:xsi="http://www.w3.org/2001/XMLSchema-instance" xsi:schemaLocation="http://www.loc.gov/MARC21/slim http://localhost:8080/OAIToolkit/schema/MARC21slim_custom.xsd">
          <marc:leader>00253cy  a22001211  4500</marc:leader>
          <marc:controlfield tag="001">80778</marc:controlfield>
          <marc:controlfield tag="003">EIUdb</marc:controlfield>
          <marc:controlfield tag="004">76263</marc:controlfield>
          <marc:controlfield tag="005">20060607101908.0</marc:controlfield>
          <marc:controlfield tag="007">ta</marc:controlfield>
          <marc:controlfield tag="008">9808050u    0   0001uueng0980805</marc:controlfield>
          <marc:datafield tag="852" ind1="0" ind2=" ">
            <marc:subfield code="b">storage</marc:subfield>
            <marc:subfield code="h">QA241</marc:subfield>
            <marc:subfield code="i">.J67</marc:subfield>
            <marc:subfield code="t">1</marc:subfield>
          </marc:datafield>
          <marc:datafield tag="866" ind1=" " ind2="0">
            <marc:subfield code="8">0</marc:subfield>
            <marc:subfield code="a">v.1(1969)-v.56(1996 Feb)</marc:subfield>
          </marc:datafield>
        </marc:record>
      </metadata>
    </record>
    <record>
      <header>
        <identifier>oai:library.rochester.edu:URVoyager1/412</identifier>
        <datestamp>2012-06-05T18:53:48Z</datestamp>
        <setSpec>hold</setSpec>
      </header>
      <metadata>
        <marc:record xmlns:marc="http://www.loc.gov/MARC21/slim" xmlns:xsi="http://www.w3.org/2001/XMLSchema-instance" xsi:schemaLocation="http://www.loc.gov/MARC21/slim http://localhost:8080/OAIToolkit/schema/MARC21slim_custom.xsd">
          <marc:leader>00260cy  a22001215  4500</marc:leader>
          <marc:controlfield tag="001">80761</marc:controlfield>
          <marc:controlfield tag="003">EIUdb</marc:controlfield>
          <marc:controlfield tag="004">76253</marc:controlfield>
          <marc:controlfield tag="005">20090811132140.0</marc:controlfield>
          <marc:controlfield tag="007">ta</marc:controlfield>
          <marc:controlfield tag="008">9808050u    0   0001uueng0980805</marc:controlfield>
          <marc:datafield tag="852" ind1="0" ind2=" ">
            <marc:subfield code="b">per micro</marc:subfield>
            <marc:subfield code="h">QA3</marc:subfield>
            <marc:subfield code="i">.A23</marc:subfield>
            <marc:subfield code="t">1</marc:subfield>
          </marc:datafield>
          <marc:datafield tag="866" ind1=" " ind2="0">
            <marc:subfield code="8">0</marc:subfield>
            <marc:subfield code="a">Microfilm  v.1(1936)-v.19(1971)</marc:subfield>
          </marc:datafield>
        </marc:record>
      </metadata>
    </record>
    <record>
      <header>
        <identifier>oai:library.rochester.edu:URVoyager1/413</identifier>
        <datestamp>2012-06-05T18:53:48Z</datestamp>
        <setSpec>hold</setSpec>
      </header>
      <metadata>
        <marc:record xmlns:marc="http://www.loc.gov/MARC21/slim" xmlns:xsi="http://www.w3.org/2001/XMLSchema-instance" xsi:schemaLocation="http://www.loc.gov/MARC21/slim http://localhost:8080/OAIToolkit/schema/MARC21slim_custom.xsd">
          <marc:leader>00248cy  a22001215  4500</marc:leader>
          <marc:controlfield tag="001">80760</marc:controlfield>
          <marc:controlfield tag="003">EIUdb</marc:controlfield>
          <marc:controlfield tag="004">76253</marc:controlfield>
          <marc:controlfield tag="005">20090811132125.0</marc:controlfield>
          <marc:controlfield tag="007">ta</marc:controlfield>
          <marc:controlfield tag="008">9808050u    0   0001uueng0980805</marc:controlfield>
          <marc:datafield tag="852" ind1="0" ind2=" ">
            <marc:subfield code="b">storage</marc:subfield>
            <marc:subfield code="h">QA3</marc:subfield>
            <marc:subfield code="i">.A23</marc:subfield>
            <marc:subfield code="t">1</marc:subfield>
          </marc:datafield>
          <marc:datafield tag="866" ind1=" " ind2="0">
            <marc:subfield code="8">0</marc:subfield>
            <marc:subfield code="a">v.19(1971)-v.41(1982)</marc:subfield>
          </marc:datafield>
        </marc:record>
      </metadata>
    </record>
    <record>
      <header>
        <identifier>oai:library.rochester.edu:URVoyager1/414</identifier>
        <datestamp>2012-06-05T18:53:48Z</datestamp>
        <setSpec>hold</setSpec>
      </header>
      <metadata>
        <marc:record xmlns:marc="http://www.loc.gov/MARC21/slim" xmlns:xsi="http://www.w3.org/2001/XMLSchema-instance" xsi:schemaLocation="http://www.loc.gov/MARC21/slim http://localhost:8080/OAIToolkit/schema/MARC21slim_custom.xsd">
          <marc:leader>00244nx  a22001214  4500</marc:leader>
          <marc:controlfield tag="001">593094</marc:controlfield>
          <marc:controlfield tag="003">IITdb</marc:controlfield>
          <marc:controlfield tag="004">772895</marc:controlfield>
          <marc:controlfield tag="005">20090722122944.0</marc:controlfield>
          <marc:controlfield tag="008">0907224u    8   1001uu   0901128</marc:controlfield>
          <marc:datafield tag="014" ind1="1" ind2=" ">
            <marc:subfield code="a">772895</marc:subfield>
          </marc:datafield>
          <marc:datafield tag="852" ind1="8" ind2=" ">
            <marc:subfield code="b">PER</marc:subfield>
            <marc:subfield code="h">PER.85776277</marc:subfield>
          </marc:datafield>
          <marc:datafield tag="866" ind1="3" ind2="1">
            <marc:subfield code="8">0</marc:subfield>
            <marc:subfield code="a">v.1-(2009-)</marc:subfield>
          </marc:datafield>
        </marc:record>
      </metadata>
    </record>
    <record>
      <header>
        <identifier>oai:library.rochester.edu:URVoyager1/415</identifier>
        <datestamp>2012-06-05T18:53:48Z</datestamp>
        <setSpec>hold</setSpec>
      </header>
      <metadata>
        <marc:record xmlns:marc="http://www.loc.gov/MARC21/slim" xmlns:xsi="http://www.w3.org/2001/XMLSchema-instance" xsi:schemaLocation="http://www.loc.gov/MARC21/slim http://localhost:8080/OAIToolkit/schema/MARC21slim_custom.xsd">
          <marc:leader>00241cy  a22001213  4500</marc:leader>
          <marc:controlfield tag="001">283702</marc:controlfield>
          <marc:controlfield tag="003">IWUdb</marc:controlfield>
          <marc:controlfield tag="004">298941</marc:controlfield>
          <marc:controlfield tag="005">20120509105014.0</marc:controlfield>
          <marc:controlfield tag="007">ta</marc:controlfield>
          <marc:controlfield tag="008">1007064p    8   0001baeng0901128</marc:controlfield>
          <marc:datafield tag="852" ind1="0" ind2=" ">
            <marc:subfield code="b">stx</marc:subfield>
            <marc:subfield code="h">QA76.9.D3</marc:subfield>
            <marc:subfield code="i">A2897</marc:subfield>
            <marc:subfield code="t">1</marc:subfield>
          </marc:datafield>
          <marc:datafield tag="866" ind1="3" ind2="1">
            <marc:subfield code="8">0</marc:subfield>
            <marc:subfield code="a">v.1(2009)</marc:subfield>
          </marc:datafield>
        </marc:record>
      </metadata>
    </record>
    <record>
      <header>
        <identifier>oai:library.rochester.edu:URVoyager1/416</identifier>
        <datestamp>2012-06-05T18:53:48Z</datestamp>
        <setSpec>hold</setSpec>
      </header>
      <metadata>
        <marc:record xmlns:marc="http://www.loc.gov/MARC21/slim" xmlns:xsi="http://www.w3.org/2001/XMLSchema-instance" xsi:schemaLocation="http://www.loc.gov/MARC21/slim http://localhost:8080/OAIToolkit/schema/MARC21slim_custom.xsd">
          <marc:leader>00282cx  a22001094  4500</marc:leader>
          <marc:controlfield tag="001">227903</marc:controlfield>
          <marc:controlfield tag="003">KNXdb</marc:controlfield>
          <marc:controlfield tag="004">221672</marc:controlfield>
          <marc:controlfield tag="005">20110329110431.0</marc:controlfield>
          <marc:controlfield tag="008">1001294p    8   1001ba   0901128</marc:controlfield>
          <marc:datafield tag="852" ind1="8" ind2=" ">
            <marc:subfield code="b">smcper</marc:subfield>
            <marc:subfield code="t">1</marc:subfield>
          </marc:datafield>
          <marc:datafield tag="866" ind1=" " ind2="0">
            <marc:subfield code="8">0</marc:subfield>
            <marc:subfield code="a">v.1 (2009) - to the present.</marc:subfield>
            <marc:subfield code="z">Most recently received issues listed individually.</marc:subfield>
          </marc:datafield>
        </marc:record>
      </metadata>
    </record>