
    <record>
      <header>
        <identifier>oai:library.rochester.edu:URVoyager1/418</identifier>
        <datestamp>2012-06-05T18:53:48Z</datestamp>
        <setSpec>bib</setSpec>
      </header>
      <metadata>
        <marc:record xmlns:marc="http://www.loc.gov/MARC21/slim" xmlns:xsi="http://www.w3.org/2001/XMLSchema-instance" xsi:schemaLocation="http://www.loc.gov/MARC21/slim http://localhost:8080/OAIToolkit/schema/MARC21slim_custom.xsd">
          <marc:leader>00866nas a2200313 a 4500</marc:leader>
          <marc:controlfield tag="001">6403</marc:controlfield>
          <marc:controlfield tag="003">IECdb</marc:controlfield>
          <marc:controlfield tag="005">19970116141833.0</marc:controlfield>
          <marc:controlfield tag="008">880818c19849999ctugr1        0   a0eng  </marc:controlfield>
          <marc:datafield tag="010" ind1=" " ind2=" ">
            <marc:subfield code="a">   88659281 </marc:subfield>
          </marc:datafield>
          <marc:datafield tag="022" ind1="0" ind2=" ">
            <marc:subfield code="a">1061-2831</marc:subfield>
          </marc:datafield>
          <marc:datafield tag="035" ind1=" " ind2=" ">
            <marc:subfield code="9">564342</marc:subfield>
          </marc:datafield>
          <marc:datafield tag="040" ind1=" " ind2=" ">
            <marc:subfield code="a">DLC</marc:subfield>
            <marc:subfield code="c">DLC</marc:subfield>
            <marc:subfield code="d">OCoLC</marc:subfield>
            <marc:subfield code="d">NSDP</marc:subfield>
            <marc:subfield code="d">NST</marc:subfield>
          </marc:datafield>
          <marc:datafield tag="042" ind1=" " ind2=" ">
            <marc:subfield code="a">lc</marc:subfield>
            <marc:subfield code="a">nsdp</marc:subfield>
          </marc:datafield>
          <marc:datafield tag="043" ind1=" " ind2=" ">
            <marc:subfield code="a">cl-----</marc:subfield>
          </marc:datafield>
          <marc:datafield tag="050" ind1="0" ind2="0">
            <marc:subfield code="a">F1401</marc:subfield>
            <marc:subfield code="b">.G53</marc:subfield>
          </marc:datafield>
          <marc:datafield tag="092" ind1=" " ind2=" ">
            <marc:subfield code="a">980</marc:subfield>
          </marc:datafield>
          <marc:datafield tag="210" ind1="0" ind2=" ">
            <marc:subfield code="a">Glob. stud., Lat. Am.</marc:subfield>
          </marc:datafield>
          <marc:datafield tag="222" ind1=" " ind2="0">
            <marc:subfield code="a">Global studies. Latin America.</marc:subfield>
          </marc:datafield>
          <marc:datafield tag="245" ind1="0" ind2="0">
            <marc:subfield code="a">Global studies.</marc:subfield>
            <marc:subfield code="p">Latin America.</marc:subfield>
          </marc:datafield>
          <marc:datafield tag="246" ind1="1" ind2="0">
            <marc:subfield code="a">Latin America</marc:subfield>
          </marc:datafield>
          <marc:datafield tag="260" ind1=" " ind2=" ">
            <marc:subfield code="a">Guilford, Conn. :</marc:subfield>
            <marc:subfield code="b">Dushkin Pub. Group,</marc:subfield>
            <marc:subfield code="c">c1984-</marc:subfield>
          </marc:datafield>
          <marc:datafield tag="265" ind1=" " ind2=" ">
            <marc:subfield code="a">Dushkin Pub. Group, Inc., Sluice Dock, Guilford, CT 06437</marc:subfield>
          </marc:datafield>
          <marc:datafield tag="300" ind1=" " ind2=" ">
            <marc:subfield code="a">v. :</marc:subfield>
            <marc:subfield code="b">ill., maps ;</marc:subfield>
            <marc:subfield code="c">28 cm.</marc:subfield>
          </marc:datafield>
          <marc:datafield tag="310" ind1=" " ind2=" ">
            <marc:subfield code="a">Biennial</marc:subfield>
          </marc:datafield>
          <marc:datafield tag="362" ind1="0" ind2=" ">
            <marc:subfield code="a">1st ed.-</marc:subfield>
          </marc:datafield>
          <marc:datafield tag="500" ind1=" " ind2=" ">
            <marc:subfield code="a">"An Annual editions publication."</marc:subfield>
          </marc:datafield>
          <marc:datafield tag="651" ind1=" " ind2="0">
            <marc:subfield code="a">Latin America.</marc:subfield>
          </marc:datafield>
          <marc:datafield tag="850" ind1=" " ind2=" ">
            <marc:subfield code="a">AzTeS</marc:subfield>
            <marc:subfield code="a">DLC</marc:subfield>
            <marc:subfield code="a">IC</marc:subfield>
          </marc:datafield>
        </marc:record>
      </metadata>
    </record>