
    <record>
      <header>
        <identifier>oai:library.rochester.edu:URVoyager1/421</identifier>
        <datestamp>2012-06-05T18:53:48Z</datestamp>
        <setSpec>bib</setSpec>
      </header>
      <metadata>
        <marc:record xmlns:marc="http://www.loc.gov/MARC21/slim" xmlns:xsi="http://www.w3.org/2001/XMLSchema-instance" xsi:schemaLocation="http://www.loc.gov/MARC21/slim http://localhost:8080/OAIToolkit/schema/MARC21slim_custom.xsd">
          <marc:leader>01315cas a2200457 a 4500</marc:leader>
          <marc:controlfield tag="001">52498</marc:controlfield>
          <marc:controlfield tag="003">IMSdb</marc:controlfield>
          <marc:controlfield tag="005">20081217155827.0</marc:controlfield>
          <marc:controlfield tag="008">880818c19849999ctugr         0   a0eng  </marc:controlfield>
          <marc:datafield tag="010" ind1=" " ind2=" ">
            <marc:subfield code="a">   88659281 </marc:subfield>
          </marc:datafield>
          <marc:datafield tag="012" ind1=" " ind2=" ">
            <marc:subfield code="a">3</marc:subfield>
            <marc:subfield code="b">3</marc:subfield>
            <marc:subfield code="i">8810</marc:subfield>
            <marc:subfield code="j">0</marc:subfield>
            <marc:subfield code="l">1</marc:subfield>
          </marc:datafield>
          <marc:datafield tag="019" ind1=" " ind2=" ">
            <marc:subfield code="a">17789324</marc:subfield>
            <marc:subfield code="a">28820768</marc:subfield>
          </marc:datafield>
          <marc:datafield tag="022" ind1="0" ind2=" ">
            <marc:subfield code="a">1061-2831</marc:subfield>
            <marc:subfield code="2">1</marc:subfield>
          </marc:datafield>
          <marc:datafield tag="029" ind1="1" ind2=" ">
            <marc:subfield code="a">YDXCP</marc:subfield>
            <marc:subfield code="b">2478044</marc:subfield>
          </marc:datafield>
          <marc:datafield tag="029" ind1="1" ind2=" ">
            <marc:subfield code="a">YDXCP</marc:subfield>
            <marc:subfield code="b">1638738</marc:subfield>
          </marc:datafield>
          <marc:datafield tag="029" ind1="1" ind2=" ">
            <marc:subfield code="a">YDXCP</marc:subfield>
            <marc:subfield code="b">1446470</marc:subfield>
          </marc:datafield>
          <marc:datafield tag="029" ind1="1" ind2=" ">
            <marc:subfield code="a">AU@</marc:subfield>
            <marc:subfield code="b">000006069208</marc:subfield>
          </marc:datafield>
          <marc:datafield tag="029" ind1="1" ind2=" ">
            <marc:subfield code="a">NZ1</marc:subfield>
            <marc:subfield code="b">11694045</marc:subfield>
          </marc:datafield>
          <marc:datafield tag="035" ind1=" " ind2=" ">
            <marc:subfield code="a">(OCoLC)ocm18367573</marc:subfield>
          </marc:datafield>
          <marc:datafield tag="037" ind1=" " ind2=" ">
            <marc:subfield code="b">Dushkin Pub. Group, Inc., Sluice Dock, Guilford, CT 06437</marc:subfield>
          </marc:datafield>
          <marc:datafield tag="040" ind1=" " ind2=" ">
            <marc:subfield code="a">DLC</marc:subfield>
            <marc:subfield code="c">DLC</marc:subfield>
            <marc:subfield code="d">OCL</marc:subfield>
            <marc:subfield code="d">NSD</marc:subfield>
            <marc:subfield code="d">NST</marc:subfield>
            <marc:subfield code="d">IUL</marc:subfield>
            <marc:subfield code="d">LVB</marc:subfield>
            <marc:subfield code="d">ISUdb</marc:subfield>
          </marc:datafield>
          <marc:datafield tag="042" ind1=" " ind2=" ">
            <marc:subfield code="a">lc</marc:subfield>
            <marc:subfield code="a">nsdp</marc:subfield>
          </marc:datafield>
          <marc:datafield tag="043" ind1=" " ind2=" ">
            <marc:subfield code="a">cl-----</marc:subfield>
          </marc:datafield>
          <marc:datafield tag="049" ind1=" " ind2=" ">
            <marc:subfield code="a">IAIA</marc:subfield>
          </marc:datafield>
          <marc:datafield tag="050" ind1="0" ind2="0">
            <marc:subfield code="a">F1401</marc:subfield>
            <marc:subfield code="b">.G53</marc:subfield>
          </marc:datafield>
          <marc:datafield tag="082" ind1="1" ind2="0">
            <marc:subfield code="a">980</marc:subfield>
            <marc:subfield code="2">12</marc:subfield>
          </marc:datafield>
          <marc:datafield tag="210" ind1="0" ind2=" ">
            <marc:subfield code="a">Glob. stud., Lat. Am.</marc:subfield>
          </marc:datafield>
          <marc:datafield tag="222" ind1=" " ind2="0">
            <marc:subfield code="a">Global studies. Latin America.</marc:subfield>
          </marc:datafield>
          <marc:datafield tag="245" ind1="0" ind2="0">
            <marc:subfield code="a">Global studies.</marc:subfield>
            <marc:subfield code="p">Latin America.</marc:subfield>
          </marc:datafield>
          <marc:datafield tag="246" ind1="3" ind2="0">
            <marc:subfield code="a">Latin America</marc:subfield>
          </marc:datafield>
          <marc:datafield tag="260" ind1=" " ind2=" ">
            <marc:subfield code="a">Guilford, Conn. :</marc:subfield>
            <marc:subfield code="b">Dushkin Pub. Group,</marc:subfield>
            <marc:subfield code="c">c1984-</marc:subfield>
          </marc:datafield>
          <marc:datafield tag="300" ind1=" " ind2=" ">
            <marc:subfield code="a">v. :</marc:subfield>
            <marc:subfield code="b">ill., maps ;</marc:subfield>
            <marc:subfield code="c">28 cm.</marc:subfield>
          </marc:datafield>
          <marc:datafield tag="310" ind1=" " ind2=" ">
            <marc:subfield code="a">Biennial</marc:subfield>
          </marc:datafield>
          <marc:datafield tag="362" ind1="0" ind2=" ">
            <marc:subfield code="a">1st ed.-</marc:subfield>
          </marc:datafield>
          <marc:datafield tag="490" ind1="1" ind2=" ">
            <marc:subfield code="a">An annual editions publication</marc:subfield>
          </marc:datafield>
          <marc:datafield tag="651" ind1=" " ind2="0">
            <marc:subfield code="a">Latin America</marc:subfield>
            <marc:subfield code="v">Periodicals.</marc:subfield>
          </marc:datafield>
          <marc:datafield tag="651" ind1=" " ind2="6">
            <marc:subfield code="a">Ame패rique latine</marc:subfield>
            <marc:subfield code="v">Pe패riodiques.</marc:subfield>
          </marc:datafield>
          <marc:datafield tag="830" ind1=" " ind2="0">
            <marc:subfield code="a">Annual editions.</marc:subfield>
          </marc:datafield>
          <marc:datafield tag="850" ind1=" " ind2=" ">
            <marc:subfield code="a">AzTeS</marc:subfield>
            <marc:subfield code="a">DLC</marc:subfield>
            <marc:subfield code="a">IC</marc:subfield>
            <marc:subfield code="a">InU</marc:subfield>
          </marc:datafield>
          <marc:datafield tag="936" ind1=" " ind2=" ">
            <marc:subfield code="a">6th ed., published in 1995 LIC</marc:subfield>
          </marc:datafield>
          <marc:datafield tag="994" ind1=" " ind2=" ">
            <marc:subfield code="a">C0</marc:subfield>
            <marc:subfield code="b">IAI</marc:subfield>
          </marc:datafield>
        </marc:record>
      </metadata>
    </record>