
    <record>
      <header>
        <identifier>oai:library.rochester.edu:URVoyager1/422</identifier>
        <datestamp>2012-06-05T18:53:48Z</datestamp>
        <setSpec>bib</setSpec>
      </header>
      <metadata>
        <marc:record xmlns:marc="http://www.loc.gov/MARC21/slim" xmlns:xsi="http://www.w3.org/2001/XMLSchema-instance" xsi:schemaLocation="http://www.loc.gov/MARC21/slim http://localhost:8080/OAIToolkit/schema/MARC21slim_custom.xsd">
          <marc:leader>01744cas a2200457 a 4500</marc:leader>
          <marc:controlfield tag="001">101654</marc:controlfield>
          <marc:controlfield tag="003">PRCdb</marc:controlfield>
          <marc:controlfield tag="005">20111107160022.0</marc:controlfield>
          <marc:controlfield tag="008">820326c19829999dcuar         0   a0eng c</marc:controlfield>
          <marc:datafield tag="010" ind1=" " ind2=" ">
            <marc:subfield code="a">   83643780 </marc:subfield>
            <marc:subfield code="z">sn 82002256 </marc:subfield>
          </marc:datafield>
          <marc:datafield tag="012" ind1=" " ind2=" ">
            <marc:subfield code="a">3</marc:subfield>
            <marc:subfield code="b">3</marc:subfield>
            <marc:subfield code="k">1</marc:subfield>
            <marc:subfield code="l">1</marc:subfield>
          </marc:datafield>
          <marc:datafield tag="022" ind1="0" ind2=" ">
            <marc:subfield code="a">0084-2338</marc:subfield>
            <marc:subfield code="2">1</marc:subfield>
          </marc:datafield>
          <marc:datafield tag="035" ind1=" " ind2=" ">
            <marc:subfield code="a">(OCoLC)ocm08275645</marc:subfield>
          </marc:datafield>
          <marc:datafield tag="037" ind1=" " ind2=" ">
            <marc:subfield code="b">Stryker-Post Publications, P.O. Drawer 1200, Harpers Ferry, WV 25425</marc:subfield>
          </marc:datafield>
          <marc:datafield tag="040" ind1=" " ind2=" ">
            <marc:subfield code="a">NSD</marc:subfield>
            <marc:subfield code="b">eng</marc:subfield>
            <marc:subfield code="c">NSD</marc:subfield>
            <marc:subfield code="d">DLC</marc:subfield>
            <marc:subfield code="d">NST</marc:subfield>
            <marc:subfield code="d">OCL</marc:subfield>
            <marc:subfield code="d">DLC</marc:subfield>
            <marc:subfield code="d">NST</marc:subfield>
            <marc:subfield code="d">IUL</marc:subfield>
            <marc:subfield code="d">NST</marc:subfield>
            <marc:subfield code="d">IUL</marc:subfield>
            <marc:subfield code="d">NST</marc:subfield>
            <marc:subfield code="d">IUL</marc:subfield>
            <marc:subfield code="d">GUA</marc:subfield>
            <marc:subfield code="d">DLC</marc:subfield>
            <marc:subfield code="d">OCLCG</marc:subfield>
            <marc:subfield code="d">VVW</marc:subfield>
            <marc:subfield code="d">OCLCQ</marc:subfield>
          </marc:datafield>
          <marc:datafield tag="042" ind1=" " ind2=" ">
            <marc:subfield code="a">pcc</marc:subfield>
            <marc:subfield code="a">nsdp</marc:subfield>
          </marc:datafield>
          <marc:datafield tag="043" ind1=" " ind2=" ">
            <marc:subfield code="a">e------</marc:subfield>
          </marc:datafield>
          <marc:datafield tag="049" ind1=" " ind2=" ">
            <marc:subfield code="a">IBPA</marc:subfield>
          </marc:datafield>
          <marc:datafield tag="050" ind1="0" ind2="0">
            <marc:subfield code="a">D901</marc:subfield>
            <marc:subfield code="b">.W47</marc:subfield>
          </marc:datafield>
          <marc:datafield tag="050" ind1="1" ind2="4">
            <marc:subfield code="a">Q940 W</marc:subfield>
          </marc:datafield>
          <marc:datafield tag="082" ind1="0" ind2="4">
            <marc:subfield code="a">940/.05</marc:subfield>
            <marc:subfield code="2">19</marc:subfield>
          </marc:datafield>
          <marc:datafield tag="130" ind1="0" ind2=" ">
            <marc:subfield code="a">Western Europe (Washington, D.C.)</marc:subfield>
          </marc:datafield>
          <marc:datafield tag="210" ind1="0" ind2=" ">
            <marc:subfield code="a">West. Eur.</marc:subfield>
            <marc:subfield code="b">(Washington, D.C. : 1982)</marc:subfield>
          </marc:datafield>
          <marc:datafield tag="222" ind1=" " ind2="0">
            <marc:subfield code="a">Western Europe</marc:subfield>
            <marc:subfield code="b">(Washington, D.C. : 1982)</marc:subfield>
          </marc:datafield>
          <marc:datafield tag="245" ind1="1" ind2="0">
            <marc:subfield code="a">Western Europe.</marc:subfield>
          </marc:datafield>
          <marc:datafield tag="260" ind1=" " ind2=" ">
            <marc:subfield code="a">Washington, D.C. :</marc:subfield>
            <marc:subfield code="b">Stryker-Post Publications,</marc:subfield>
            <marc:subfield code="c">1982-</marc:subfield>
          </marc:datafield>
          <marc:datafield tag="300" ind1=" " ind2=" ">
            <marc:subfield code="a">v. :</marc:subfield>
            <marc:subfield code="b">ill. ;</marc:subfield>
            <marc:subfield code="c">28 cm.</marc:subfield>
          </marc:datafield>
          <marc:datafield tag="310" ind1=" " ind2=" ">
            <marc:subfield code="a">Annual</marc:subfield>
          </marc:datafield>
          <marc:datafield tag="362" ind1="0" ind2=" ">
            <marc:subfield code="a">[1st ed.] (1982)-</marc:subfield>
          </marc:datafield>
          <marc:datafield tag="490" ind1="1" ind2=" ">
            <marc:subfield code="a">The World today series</marc:subfield>
          </marc:datafield>
          <marc:datafield tag="500" ind1=" " ind2=" ">
            <marc:subfield code="a">Written by: W.C. Thompson; some issues assisted by: M.H. Mullin.</marc:subfield>
          </marc:datafield>
          <marc:datafield tag="515" ind1=" " ind2=" ">
            <marc:subfield code="a">Issues for &lt;1989-&gt; called also &lt;8th annual ed.-&gt;</marc:subfield>
          </marc:datafield>
          <marc:datafield tag="651" ind1=" " ind2="0">
            <marc:subfield code="a">Europe</marc:subfield>
            <marc:subfield code="v">Periodicals.</marc:subfield>
          </marc:datafield>
          <marc:datafield tag="700" ind1="1" ind2=" ">
            <marc:subfield code="a">Thompson, Wayne C.,</marc:subfield>
            <marc:subfield code="d">1943-</marc:subfield>
          </marc:datafield>
          <marc:datafield tag="700" ind1="1" ind2=" ">
            <marc:subfield code="a">Mullin, Mark H.,</marc:subfield>
            <marc:subfield code="d">1940-</marc:subfield>
          </marc:datafield>
          <marc:datafield tag="776" ind1="0" ind2="8">
            <marc:subfield code="i">Online version:</marc:subfield>
            <marc:subfield code="t">Western Europe (Washington, D.C.)</marc:subfield>
            <marc:subfield code="w">(OCoLC)607908914</marc:subfield>
          </marc:datafield>
          <marc:datafield tag="830" ind1=" " ind2="0">
            <marc:subfield code="a">World today series.</marc:subfield>
          </marc:datafield>
          <marc:datafield tag="850" ind1=" " ind2=" ">
            <marc:subfield code="a">AAP</marc:subfield>
            <marc:subfield code="a">AU</marc:subfield>
            <marc:subfield code="a">AzU</marc:subfield>
            <marc:subfield code="a">CSt-H</marc:subfield>
            <marc:subfield code="a">CU-S</marc:subfield>
            <marc:subfield code="a">CU-SB</marc:subfield>
            <marc:subfield code="a">CaAEU</marc:subfield>
            <marc:subfield code="a">CaMWU</marc:subfield>
            <marc:subfield code="a">CaOWtU</marc:subfield>
            <marc:subfield code="a">CoFS</marc:subfield>
            <marc:subfield code="a">CtY</marc:subfield>
            <marc:subfield code="a">DGW</marc:subfield>
            <marc:subfield code="a">DLC</marc:subfield>
            <marc:subfield code="a">DeU</marc:subfield>
            <marc:subfield code="a">FU</marc:subfield>
            <marc:subfield code="a">IC</marc:subfield>
            <marc:subfield code="a">INS</marc:subfield>
            <marc:subfield code="a">IaAS</marc:subfield>
            <marc:subfield code="a">IaU</marc:subfield>
            <marc:subfield code="a">InU</marc:subfield>
            <marc:subfield code="a">LNT</marc:subfield>
            <marc:subfield code="a">MBU</marc:subfield>
            <marc:subfield code="a">MdU</marc:subfield>
            <marc:subfield code="a">MiD</marc:subfield>
            <marc:subfield code="a">MiU</marc:subfield>
            <marc:subfield code="a">MoSU</marc:subfield>
            <marc:subfield code="a">NBC</marc:subfield>
            <marc:subfield code="a">NN</marc:subfield>
            <marc:subfield code="a">NNC</marc:subfield>
            <marc:subfield code="a">NcD</marc:subfield>
            <marc:subfield code="a">NcU</marc:subfield>
            <marc:subfield code="a">NdU</marc:subfield>
            <marc:subfield code="a">NjP</marc:subfield>
            <marc:subfield code="a">OC</marc:subfield>
            <marc:subfield code="a">P</marc:subfield>
            <marc:subfield code="a">PPD</marc:subfield>
            <marc:subfield code="a">PPT</marc:subfield>
            <marc:subfield code="a">PU-W</marc:subfield>
            <marc:subfield code="a">TU</marc:subfield>
            <marc:subfield code="a">TxDaM</marc:subfield>
            <marc:subfield code="a">UPB</marc:subfield>
            <marc:subfield code="a">ViW</marc:subfield>
          </marc:datafield>
          <marc:datafield tag="891" ind1="2" ind2="0">
            <marc:subfield code="9">853</marc:subfield>
            <marc:subfield code="8">1</marc:subfield>
            <marc:subfield code="a">+ed.</marc:subfield>
            <marc:subfield code="i">(year)</marc:subfield>
            <marc:subfield code="w">a</marc:subfield>
          </marc:datafield>
          <marc:datafield tag="891" ind1="4" ind2="1">
            <marc:subfield code="9">863</marc:subfield>
            <marc:subfield code="8">1.1</marc:subfield>
            <marc:subfield code="a">&lt;20&gt;</marc:subfield>
            <marc:subfield code="i">&lt;2001&gt;</marc:subfield>
          </marc:datafield>
          <marc:datafield tag="994" ind1=" " ind2=" ">
            <marc:subfield code="a">C0</marc:subfield>
            <marc:subfield code="b">IBP</marc:subfield>
          </marc:datafield>
        </marc:record>
      </metadata>
    </record>
    <record>
      <header>
        <identifier>oai:library.rochester.edu:URVoyager1/423</identifier>
        <datestamp>2012-06-05T18:53:48Z</datestamp>
        <setSpec>hold</setSpec>
      </header>
      <metadata>
        <marc:record xmlns:marc="http://www.loc.gov/MARC21/slim" xmlns:xsi="http://www.w3.org/2001/XMLSchema-instance" xsi:schemaLocation="http://www.loc.gov/MARC21/slim http://localhost:8080/OAIToolkit/schema/MARC21slim_custom.xsd">
          <marc:leader>00232cx  a22001213  4500</marc:leader>
          <marc:controlfield tag="001">58466</marc:controlfield>
          <marc:controlfield tag="003">IECdb</marc:controlfield>
          <marc:controlfield tag="004">3994</marc:controlfield>
          <marc:controlfield tag="005">20070518162806.0</marc:controlfield>
          <marc:controlfield tag="008">0705180p    8   4001aueng0000000</marc:controlfield>
          <marc:datafield tag="014" ind1="1" ind2=" ">
            <marc:subfield code="a">560607</marc:subfield>
          </marc:datafield>
          <marc:datafield tag="852" ind1="0" ind2=" ">
            <marc:subfield code="b">lstx</marc:subfield>
            <marc:subfield code="h">DT1.D6</marc:subfield>
            <marc:subfield code="t">1</marc:subfield>
          </marc:datafield>
          <marc:datafield tag="866" ind1=" " ind2="0">
            <marc:subfield code="8">0</marc:subfield>
            <marc:subfield code="a">2000</marc:subfield>
          </marc:datafield>
        </marc:record>
      </metadata>
    </record>
    <record>
      <header>
        <identifier>oai:library.rochester.edu:URVoyager1/424</identifier>
        <datestamp>2012-06-05T18:53:48Z</datestamp>
        <setSpec>hold</setSpec>
      </header>
      <metadata>
        <marc:record xmlns:marc="http://www.loc.gov/MARC21/slim" xmlns:xsi="http://www.w3.org/2001/XMLSchema-instance" xsi:schemaLocation="http://www.loc.gov/MARC21/slim http://localhost:8080/OAIToolkit/schema/MARC21slim_custom.xsd">
          <marc:leader>00216cx  a22001093  4500</marc:leader>
          <marc:controlfield tag="001">58868</marc:controlfield>
          <marc:controlfield tag="003">IECdb</marc:controlfield>
          <marc:controlfield tag="004">6403</marc:controlfield>
          <marc:controlfield tag="005">20070518162812.0</marc:controlfield>
          <marc:controlfield tag="008">0705180p    8   4001aueng0000000</marc:controlfield>
          <marc:datafield tag="014" ind1="1" ind2=" ">
            <marc:subfield code="a">564342</marc:subfield>
          </marc:datafield>
          <marc:datafield tag="852" ind1="0" ind2=" ">
            <marc:subfield code="b">lstx</marc:subfield>
            <marc:subfield code="h">F1408.G66 1990</marc:subfield>
            <marc:subfield code="t">1</marc:subfield>
          </marc:datafield>
        </marc:record>
      </metadata>
    </record>
    <record>
      <header>
        <identifier>oai:library.rochester.edu:URVoyager1/425</identifier>
        <datestamp>2012-06-05T18:53:48Z</datestamp>
        <setSpec>hold</setSpec>
      </header>
      <metadata>
        <marc:record xmlns:marc="http://www.loc.gov/MARC21/slim" xmlns:xsi="http://www.w3.org/2001/XMLSchema-instance" xsi:schemaLocation="http://www.loc.gov/MARC21/slim http://localhost:8080/OAIToolkit/schema/MARC21slim_custom.xsd">
          <marc:leader>00233cx  a22001213  4500</marc:leader>
          <marc:controlfield tag="001">58870</marc:controlfield>
          <marc:controlfield tag="003">IECdb</marc:controlfield>
          <marc:controlfield tag="004">6403</marc:controlfield>
          <marc:controlfield tag="005">20070518162812.0</marc:controlfield>
          <marc:controlfield tag="008">0705180p    8   4001aueng0000000</marc:controlfield>
          <marc:datafield tag="014" ind1="1" ind2=" ">
            <marc:subfield code="a">564342</marc:subfield>
          </marc:datafield>
          <marc:datafield tag="852" ind1="1" ind2=" ">
            <marc:subfield code="b">wstx</marc:subfield>
            <marc:subfield code="h">980 GOO</marc:subfield>
            <marc:subfield code="t">1</marc:subfield>
          </marc:datafield>
          <marc:datafield tag="866" ind1=" " ind2="0">
            <marc:subfield code="8">0</marc:subfield>
            <marc:subfield code="a">1990</marc:subfield>
          </marc:datafield>
        </marc:record>
      </metadata>
    </record>
    <record>
      <header>
        <identifier>oai:library.rochester.edu:URVoyager1/426</identifier>
        <datestamp>2012-06-05T18:53:48Z</datestamp>
        <setSpec>hold</setSpec>
      </header>
      <metadata>
        <marc:record xmlns:marc="http://www.loc.gov/MARC21/slim" xmlns:xsi="http://www.w3.org/2001/XMLSchema-instance" xsi:schemaLocation="http://www.loc.gov/MARC21/slim http://localhost:8080/OAIToolkit/schema/MARC21slim_custom.xsd">
          <marc:leader>00235cx  a22001213  4500</marc:leader>
          <marc:controlfield tag="001">58671</marc:controlfield>
          <marc:controlfield tag="003">IECdb</marc:controlfield>
          <marc:controlfield tag="004">4889</marc:controlfield>
          <marc:controlfield tag="005">20070518162808.0</marc:controlfield>
          <marc:controlfield tag="008">0705180p    8   4001aueng0000000</marc:controlfield>
          <marc:datafield tag="014" ind1="1" ind2=" ">
            <marc:subfield code="a">561988</marc:subfield>
          </marc:datafield>
          <marc:datafield tag="852" ind1="0" ind2=" ">
            <marc:subfield code="b">lstx</marc:subfield>
            <marc:subfield code="h">D901 .W47</marc:subfield>
            <marc:subfield code="t">1</marc:subfield>
          </marc:datafield>
          <marc:datafield tag="866" ind1=" " ind2="0">
            <marc:subfield code="8">0</marc:subfield>
            <marc:subfield code="a">2000</marc:subfield>
          </marc:datafield>
        </marc:record>
      </metadata>
    </record>
    <record>
      <header>
        <identifier>oai:library.rochester.edu:URVoyager1/427</identifier>
        <datestamp>2012-06-05T18:53:48Z</datestamp>
        <setSpec>hold</setSpec>
      </header>
      <metadata>
        <marc:record xmlns:marc="http://www.loc.gov/MARC21/slim" xmlns:xsi="http://www.w3.org/2001/XMLSchema-instance" xsi:schemaLocation="http://www.loc.gov/MARC21/slim http://localhost:8080/OAIToolkit/schema/MARC21slim_custom.xsd">
          <marc:leader>00348cy  a22001695  4500</marc:leader>
          <marc:controlfield tag="001">16446</marc:controlfield>
          <marc:controlfield tag="003">EIUdb</marc:controlfield>
          <marc:controlfield tag="004">15324</marc:controlfield>
          <marc:controlfield tag="005">20120221094216.0</marc:controlfield>
          <marc:controlfield tag="007">ta</marc:controlfield>
          <marc:controlfield tag="008">9808050u    0   0001uueng0980805</marc:controlfield>
          <marc:datafield tag="852" ind1="0" ind2=" ">
            <marc:subfield code="b">stacks</marc:subfield>
            <marc:subfield code="h">DT1</marc:subfield>
            <marc:subfield code="i">.D6</marc:subfield>
            <marc:subfield code="t">1</marc:subfield>
          </marc:datafield>
          <marc:datafield tag="866" ind1=" " ind2="0">
            <marc:subfield code="8">0</marc:subfield>
            <marc:subfield code="a">(2011)</marc:subfield>
          </marc:datafield>
          <marc:datafield tag="866" ind1=" " ind2="0">
            <marc:subfield code="8">0</marc:subfield>
            <marc:subfield code="a">(1992)</marc:subfield>
          </marc:datafield>
          <marc:datafield tag="866" ind1=" " ind2="0">
            <marc:subfield code="8">0</marc:subfield>
            <marc:subfield code="a">(1972)-(1981</marc:subfield>
          </marc:datafield>
          <marc:datafield tag="866" ind1=" " ind2="0">
            <marc:subfield code="8">0</marc:subfield>
            <marc:subfield code="a">(1968)-(1969)</marc:subfield>
          </marc:datafield>
          <marc:datafield tag="866" ind1=" " ind2="0">
            <marc:subfield code="8">0</marc:subfield>
            <marc:subfield code="a">(1966)</marc:subfield>
          </marc:datafield>
        </marc:record>
      </metadata>
    </record>
    <record>
      <header>
        <identifier>oai:library.rochester.edu:URVoyager1/428</identifier>
        <datestamp>2012-06-05T18:53:48Z</datestamp>
        <setSpec>hold</setSpec>
      </header>
      <metadata>
        <marc:record xmlns:marc="http://www.loc.gov/MARC21/slim" xmlns:xsi="http://www.w3.org/2001/XMLSchema-instance" xsi:schemaLocation="http://www.loc.gov/MARC21/slim http://localhost:8080/OAIToolkit/schema/MARC21slim_custom.xsd">
          <marc:leader>00265ny  a22001331  4500</marc:leader>
          <marc:controlfield tag="001">54183</marc:controlfield>
          <marc:controlfield tag="003">IMSdb</marc:controlfield>
          <marc:controlfield tag="004">52498</marc:controlfield>
          <marc:controlfield tag="005">20081217160221.0</marc:controlfield>
          <marc:controlfield tag="007">ta</marc:controlfield>
          <marc:controlfield tag="008">0812174u    8   1001uu   0901128</marc:controlfield>
          <marc:datafield tag="852" ind1="1" ind2=" ">
            <marc:subfield code="b">stacks</marc:subfield>
            <marc:subfield code="h">980</marc:subfield>
            <marc:subfield code="i">GLOB</marc:subfield>
            <marc:subfield code="t">1</marc:subfield>
          </marc:datafield>
          <marc:datafield tag="853" ind1="2" ind2="3">
            <marc:subfield code="8">1</marc:subfield>
            <marc:subfield code="a">(yr.)</marc:subfield>
            <marc:subfield code="t">c.</marc:subfield>
          </marc:datafield>
          <marc:datafield tag="863" ind1="4" ind2="0">
            <marc:subfield code="8">1.10</marc:subfield>
            <marc:subfield code="a">2009</marc:subfield>
            <marc:subfield code="t">1</marc:subfield>
          </marc:datafield>
        </marc:record>
      </metadata>
    </record>
    <record>
      <header>
        <identifier>oai:library.rochester.edu:URVoyager1/429</identifier>
        <datestamp>2012-06-05T18:53:48Z</datestamp>
        <setSpec>hold</setSpec>
      </header>
      <metadata>
        <marc:record xmlns:marc="http://www.loc.gov/MARC21/slim" xmlns:xsi="http://www.w3.org/2001/XMLSchema-instance" xsi:schemaLocation="http://www.loc.gov/MARC21/slim http://localhost:8080/OAIToolkit/schema/MARC21slim_custom.xsd">
          <marc:leader>00224cx  a22000974  4500</marc:leader>
          <marc:controlfield tag="001">226747</marc:controlfield>
          <marc:controlfield tag="003">PRCdb</marc:controlfield>
          <marc:controlfield tag="004">101654</marc:controlfield>
          <marc:controlfield tag="005">20111102132034.0</marc:controlfield>
          <marc:controlfield tag="008">0910014u    8   1001uu   0901128</marc:controlfield>
          <marc:datafield tag="852" ind1="0" ind2=" ">
            <marc:subfield code="b">ref</marc:subfield>
            <marc:subfield code="h">D1058</marc:subfield>
            <marc:subfield code="i">.W47 2011</marc:subfield>
            <marc:subfield code="t">1</marc:subfield>
            <marc:subfield code="x">withdraw previous edition</marc:subfield>
          </marc:datafield>
        </marc:record>
      </metadata>
    </record>