
    <record>
      <header>
        <identifier>oai:library.rochester.edu:URVoyager1/430</identifier>
        <datestamp>2012-06-05T18:53:48Z</datestamp>
        <setSpec>bib</setSpec>
      </header>
      <metadata>
        <marc:record xmlns:marc="http://www.loc.gov/MARC21/slim" xmlns:xsi="http://www.w3.org/2001/XMLSchema-instance" xsi:schemaLocation="http://www.loc.gov/MARC21/slim http://localhost:8080/OAIToolkit/schema/MARC21slim_custom.xsd">
          <marc:leader>01477cas a2200409   4500</marc:leader>
          <marc:controlfield tag="001">17744</marc:controlfield>
          <marc:controlfield tag="003">IECdb</marc:controlfield>
          <marc:controlfield tag="008">750115c18999999ilu      h    0 u   engd </marc:controlfield>
          <marc:datafield tag="010" ind1=" " ind2=" ">
            <marc:subfield code="a">   04016934</marc:subfield>
          </marc:datafield>
          <marc:datafield tag="019" ind1=" " ind2=" ">
            <marc:subfield code="a">243987</marc:subfield>
            <marc:subfield code="a">767230</marc:subfield>
            <marc:subfield code="a">1769827</marc:subfield>
            <marc:subfield code="a">10373541</marc:subfield>
            <marc:subfield code="a">2833875</marc:subfield>
            <marc:subfield code="a">9901540</marc:subfield>
          </marc:datafield>
          <marc:datafield tag="022" ind1=" " ind2=" ">
            <marc:subfield code="a">0083-9396</marc:subfield>
          </marc:datafield>
          <marc:datafield tag="035" ind1=" " ind2=" ">
            <marc:subfield code="9">170847</marc:subfield>
          </marc:datafield>
          <marc:datafield tag="040" ind1=" " ind2=" ">
            <marc:subfield code="a">DLC</marc:subfield>
            <marc:subfield code="c">UDI</marc:subfield>
            <marc:subfield code="d">COO</marc:subfield>
            <marc:subfield code="d">NSD</marc:subfield>
            <marc:subfield code="d">DLC</marc:subfield>
            <marc:subfield code="d">OCL</marc:subfield>
            <marc:subfield code="d">NST</marc:subfield>
            <marc:subfield code="d">OCL</marc:subfield>
            <marc:subfield code="d">RCS</marc:subfield>
            <marc:subfield code="d">OCL</marc:subfield>
            <marc:subfield code="d">QPQ</marc:subfield>
          </marc:datafield>
          <marc:datafield tag="043" ind1=" " ind2=" ">
            <marc:subfield code="a">n-us---</marc:subfield>
          </marc:datafield>
          <marc:datafield tag="050" ind1="0" ind2=" ">
            <marc:subfield code="a">E176</marc:subfield>
            <marc:subfield code="b">.W642</marc:subfield>
          </marc:datafield>
          <marc:datafield tag="092" ind1=" " ind2=" ">
            <marc:subfield code="a">920.073</marc:subfield>
          </marc:datafield>
          <marc:datafield tag="222" ind1="0" ind2="0">
            <marc:subfield code="a">Who's who in America</marc:subfield>
          </marc:datafield>
          <marc:datafield tag="245" ind1="0" ind2="0">
            <marc:subfield code="a">Who's who in America.</marc:subfield>
          </marc:datafield>
          <marc:datafield tag="260" ind1="0" ind2="0">
            <marc:subfield code="a">Chicago :</marc:subfield>
            <marc:subfield code="b">Marquis Who's Who [etc.]</marc:subfield>
            <marc:subfield code="c">1899-</marc:subfield>
          </marc:datafield>
          <marc:datafield tag="300" ind1=" " ind2=" ">
            <marc:subfield code="a">v. ;</marc:subfield>
            <marc:subfield code="c">20-31 cm.</marc:subfield>
          </marc:datafield>
          <marc:datafield tag="362" ind1="0" ind2=" ">
            <marc:subfield code="a">v. [1]- 1899/1900-</marc:subfield>
          </marc:datafield>
          <marc:datafield tag="515" ind1=" " ind2=" ">
            <marc:subfield code="a">Vol. 9 covers the years 1916-17.</marc:subfield>
          </marc:datafield>
          <marc:datafield tag="520" ind1=" " ind2=" ">
            <marc:subfield code="a">Vols. 28-30 accompanied by separately published parts with title: Indices and necrology.</marc:subfield>
          </marc:datafield>
          <marc:datafield tag="525" ind1=" " ind2=" ">
            <marc:subfield code="a">"Who's who in America and the Who was who comprise the 6 vol. set of Who's who in American history."</marc:subfield>
          </marc:datafield>
          <marc:datafield tag="570" ind1=" " ind2=" ">
            <marc:subfield code="a">Editors: 1899-1907, John W. Leonard; 1907- Albert Nelson Marquis.</marc:subfield>
          </marc:datafield>
          <marc:datafield tag="651" ind1=" " ind2="0">
            <marc:subfield code="a">United States</marc:subfield>
            <marc:subfield code="v">Biography</marc:subfield>
          </marc:datafield>
          <marc:datafield tag="651" ind1=" " ind2="0">
            <marc:subfield code="a">United States</marc:subfield>
            <marc:subfield code="v">Biography</marc:subfield>
            <marc:subfield code="v">Dictionaries</marc:subfield>
          </marc:datafield>
          <marc:datafield tag="700" ind1="1" ind2="0">
            <marc:subfield code="a">Leonard, John William,</marc:subfield>
            <marc:subfield code="d">1849-</marc:subfield>
          </marc:datafield>
          <marc:datafield tag="700" ind1="1" ind2="0">
            <marc:subfield code="a">Marquis, Albert Nelson,</marc:subfield>
            <marc:subfield code="d">d. 1943.</marc:subfield>
          </marc:datafield>
          <marc:datafield tag="770" ind1="1" ind2=" ">
            <marc:subfield code="t">Who's who in American history</marc:subfield>
          </marc:datafield>
          <marc:datafield tag="787" ind1="1" ind2=" ">
            <marc:subfield code="t">Who was who</marc:subfield>
            <marc:subfield code="x">0083-9345</marc:subfield>
          </marc:datafield>
          <marc:datafield tag="950" ind1="9" ind2="9">
            <marc:subfield code="a">54TH</marc:subfield>
          </marc:datafield>
          <marc:datafield tag="950" ind1="9" ind2="9">
            <marc:subfield code="a">54TH</marc:subfield>
          </marc:datafield>
          <marc:datafield tag="950" ind1="9" ind2="9">
            <marc:subfield code="a">54TH</marc:subfield>
          </marc:datafield>
          <marc:datafield tag="950" ind1="9" ind2="9">
            <marc:subfield code="a">54TH</marc:subfield>
          </marc:datafield>
          <marc:datafield tag="950" ind1="9" ind2="9">
            <marc:subfield code="a">54th</marc:subfield>
          </marc:datafield>
          <marc:datafield tag="951" ind1=" " ind2=" ">
            <marc:subfield code="a">IUI</marc:subfield>
            <marc:subfield code="a">IA4</marc:subfield>
            <marc:subfield code="a">IA6</marc:subfield>
            <marc:subfield code="a">XL4</marc:subfield>
            <marc:subfield code="a">IB1</marc:subfield>
            <marc:subfield code="a">UU4</marc:subfield>
            <marc:subfield code="a">IC9</marc:subfield>
            <marc:subfield code="a">INQ</marc:subfield>
            <marc:subfield code="a">IB5</marc:subfield>
            <marc:subfield code="a">IB6</marc:subfield>
            <marc:subfield code="a">IA1</marc:subfield>
            <marc:subfield code="a">IEK</marc:subfield>
            <marc:subfield code="a">IC1</marc:subfield>
            <marc:subfield code="a">JUY</marc:subfield>
            <marc:subfield code="a">JUX</marc:subfield>
            <marc:subfield code="a">IA3</marc:subfield>
            <marc:subfield code="a">IDF</marc:subfield>
            <marc:subfield code="a">XWO</marc:subfield>
            <marc:subfield code="a">UX7</marc:subfield>
            <marc:subfield code="a">UY3</marc:subfield>
            <marc:subfield code="a">IA5</marc:subfield>
            <marc:subfield code="a">BLV</marc:subfield>
            <marc:subfield code="a">ID1</marc:subfield>
            <marc:subfield code="a">F4L</marc:subfield>
          </marc:datafield>
        </marc:record>
      </metadata>
    </record>