
    <record>
      <header>
        <identifier>oai:library.rochester.edu:URVoyager1/431</identifier>
        <datestamp>2012-06-05T18:53:48Z</datestamp>
        <setSpec>bib</setSpec>
      </header>
      <metadata>
        <marc:record xmlns:marc="http://www.loc.gov/MARC21/slim" xmlns:xsi="http://www.w3.org/2001/XMLSchema-instance" xsi:schemaLocation="http://www.loc.gov/MARC21/slim http://localhost:8080/OAIToolkit/schema/MARC21slim_custom.xsd">
          <marc:leader>02145cas a2200493   4500</marc:leader>
          <marc:controlfield tag="001">3678</marc:controlfield>
          <marc:controlfield tag="003">RSHdb</marc:controlfield>
          <marc:controlfield tag="005">20110328220308.0</marc:controlfield>
          <marc:controlfield tag="008">750115c19009999njuar1   h    0   a0eng  </marc:controlfield>
          <marc:datafield tag="019" ind1=" " ind2=" ">
            <marc:subfield code="a">243987</marc:subfield>
            <marc:subfield code="a">767230</marc:subfield>
            <marc:subfield code="a">1769827</marc:subfield>
            <marc:subfield code="a">10373541</marc:subfield>
            <marc:subfield code="a">2833875</marc:subfield>
            <marc:subfield code="a">9901540</marc:subfield>
          </marc:datafield>
          <marc:datafield tag="022" ind1="0" ind2=" ">
            <marc:subfield code="a">0083-9396</marc:subfield>
            <marc:subfield code="z">0899-210X</marc:subfield>
          </marc:datafield>
          <marc:datafield tag="035" ind1=" " ind2=" ">
            <marc:subfield code="a">(OCoLC)ocm01141571</marc:subfield>
          </marc:datafield>
          <marc:datafield tag="035" ind1=" " ind2=" ">
            <marc:subfield code="9">AXS-9213</marc:subfield>
          </marc:datafield>
          <marc:datafield tag="035" ind1=" " ind2=" ">
            <marc:subfield code="a">(COLdb)122596</marc:subfield>
          </marc:datafield>
          <marc:datafield tag="040" ind1=" " ind2=" ">
            <marc:subfield code="a">DLC</marc:subfield>
            <marc:subfield code="c">UDI</marc:subfield>
            <marc:subfield code="d">HUL</marc:subfield>
            <marc:subfield code="d">DLC</marc:subfield>
            <marc:subfield code="d">NSD</marc:subfield>
            <marc:subfield code="d">DLC</marc:subfield>
            <marc:subfield code="d">NST</marc:subfield>
            <marc:subfield code="d">ELM</marc:subfield>
            <marc:subfield code="d">HUL</marc:subfield>
            <marc:subfield code="d">NST</marc:subfield>
            <marc:subfield code="d">NSD</marc:subfield>
            <marc:subfield code="d">NST</marc:subfield>
            <marc:subfield code="d">DLC</marc:subfield>
            <marc:subfield code="d">IUL</marc:subfield>
            <marc:subfield code="d">HUL</marc:subfield>
            <marc:subfield code="d">UIU</marc:subfield>
            <marc:subfield code="d">COLdb</marc:subfield>
          </marc:datafield>
          <marc:datafield tag="042" ind1=" " ind2=" ">
            <marc:subfield code="a">nsdp</marc:subfield>
            <marc:subfield code="a">lc</marc:subfield>
          </marc:datafield>
          <marc:datafield tag="043" ind1=" " ind2=" ">
            <marc:subfield code="a">n-us---</marc:subfield>
          </marc:datafield>
          <marc:datafield tag="050" ind1="0" ind2="0">
            <marc:subfield code="a">E176</marc:subfield>
            <marc:subfield code="b">.W642</marc:subfield>
          </marc:datafield>
          <marc:datafield tag="060" ind1="0" ind2=" ">
            <marc:subfield code="a">E 176 W628</marc:subfield>
          </marc:datafield>
          <marc:datafield tag="069" ind1="1" ind2=" ">
            <marc:subfield code="a">W04600000</marc:subfield>
          </marc:datafield>
          <marc:datafield tag="082" ind1=" " ind2=" ">
            <marc:subfield code="a">920.073</marc:subfield>
          </marc:datafield>
          <marc:datafield tag="210" ind1="0" ind2=" ">
            <marc:subfield code="a">Who's who Am.</marc:subfield>
          </marc:datafield>
          <marc:datafield tag="222" ind1=" " ind2="0">
            <marc:subfield code="a">Who's who in America</marc:subfield>
          </marc:datafield>
          <marc:datafield tag="245" ind1="0" ind2="0">
            <marc:subfield code="a">Who's who in America.</marc:subfield>
          </marc:datafield>
          <marc:datafield tag="260" ind1=" " ind2=" ">
            <marc:subfield code="a">Chicago :</marc:subfield>
            <marc:subfield code="b">A.N. Marquis,</marc:subfield>
            <marc:subfield code="c">c1899-</marc:subfield>
          </marc:datafield>
          <marc:datafield tag="300" ind1=" " ind2=" ">
            <marc:subfield code="a">v. ;</marc:subfield>
            <marc:subfield code="c">20-31 cm.</marc:subfield>
          </marc:datafield>
          <marc:datafield tag="310" ind1=" " ind2=" ">
            <marc:subfield code="a">Annual,</marc:subfield>
            <marc:subfield code="b">1994-</marc:subfield>
          </marc:datafield>
          <marc:datafield tag="321" ind1=" " ind2=" ">
            <marc:subfield code="a">Biennial,</marc:subfield>
            <marc:subfield code="b">1889/1990-1992/1993</marc:subfield>
          </marc:datafield>
          <marc:datafield tag="362" ind1="0" ind2=" ">
            <marc:subfield code="a">1899-1900-</marc:subfield>
          </marc:datafield>
          <marc:datafield tag="500" ind1=" " ind2=" ">
            <marc:subfield code="a">Vol. 35 (1968-69)-v. 36 (1970-71) called also a component of Who's who in American history.</marc:subfield>
          </marc:datafield>
          <marc:datafield tag="500" ind1=" " ind2=" ">
            <marc:subfield code="a">Published: Wilmette, Ill. : Marquis Who's Who, &lt;1986-1990&gt;; New Providence, NJ, &lt;1994-&gt;</marc:subfield>
          </marc:datafield>
          <marc:datafield tag="515" ind1=" " ind2=" ">
            <marc:subfield code="a">Issues for &lt;1908-09&gt;-1970-71 called also v. &lt;5&gt;-36; issues for 1972-73-   called also 37th-</marc:subfield>
          </marc:datafield>
          <marc:datafield tag="515" ind1=" " ind2=" ">
            <marc:subfield code="a">Issued in 3 vols., 1994-</marc:subfield>
          </marc:datafield>
          <marc:datafield tag="520" ind1=" " ind2=" ">
            <marc:subfield code="a">Vols. 28-30 accompanied by separately published parts with title: Indices and necrology.</marc:subfield>
          </marc:datafield>
          <marc:datafield tag="525" ind1=" " ind2=" ">
            <marc:subfield code="a">Monthly updating supplement issued 1939-May 1956; quarterly supplement issued June/Aug. 1956-Feb. 1959.</marc:subfield>
          </marc:datafield>
          <marc:datafield tag="525" ind1=" " ind2=" ">
            <marc:subfield code="a">Kept up-to-date between eds. by a supplement, &lt;1989- &gt;</marc:subfield>
          </marc:datafield>
          <marc:datafield tag="555" ind1=" " ind2=" ">
            <marc:subfield code="a">1939/49.  1 v.; 1958/59.  1 v.; 1974/75.  1 v.; 1982/83.  1 v.</marc:subfield>
          </marc:datafield>
          <marc:datafield tag="580" ind1=" " ind2=" ">
            <marc:subfield code="a">Companion publication to: Who was who in America.</marc:subfield>
          </marc:datafield>
          <marc:datafield tag="651" ind1=" " ind2="0">
            <marc:subfield code="a">United States</marc:subfield>
            <marc:subfield code="x">Biography</marc:subfield>
            <marc:subfield code="x">Periodicals.</marc:subfield>
          </marc:datafield>
          <marc:datafield tag="651" ind1=" " ind2="0">
            <marc:subfield code="a">United States</marc:subfield>
            <marc:subfield code="v">Biography.</marc:subfield>
          </marc:datafield>
          <marc:datafield tag="730" ind1=" " ind2="0">
            <marc:subfield code="a">Who's who in American history.</marc:subfield>
          </marc:datafield>
          <marc:datafield tag="775" ind1="0" ind2=" ">
            <marc:subfield code="t">Who's who in America (Junior &amp; senior high school version)</marc:subfield>
            <marc:subfield code="x">1049-8540</marc:subfield>
            <marc:subfield code="w">(DLC)   90657424</marc:subfield>
            <marc:subfield code="w">(OCoLC)21316000</marc:subfield>
          </marc:datafield>
          <marc:datafield tag="780" ind1="0" ind2="5">
            <marc:subfield code="t">Who's who in America. Geographic/professional index</marc:subfield>
            <marc:subfield code="g">1994</marc:subfield>
            <marc:subfield code="w">(DLC)sn 90034744</marc:subfield>
            <marc:subfield code="w">(OCoLC)18823630</marc:subfield>
          </marc:datafield>
          <marc:datafield tag="787" ind1="1" ind2=" ">
            <marc:subfield code="t">Who was who in America</marc:subfield>
            <marc:subfield code="x">0146-8081</marc:subfield>
            <marc:subfield code="w">(DLC)   43003789</marc:subfield>
            <marc:subfield code="w">(OCoLC)1713564</marc:subfield>
          </marc:datafield>
        </marc:record>
      </metadata>
    </record>
    <record>
      <header>
        <identifier>oai:library.rochester.edu:URVoyager1/432</identifier>
        <datestamp>2012-06-05T18:53:48Z</datestamp>
        <setSpec>hold</setSpec>
      </header>
      <metadata>
        <marc:record xmlns:marc="http://www.loc.gov/MARC21/slim" xmlns:xsi="http://www.w3.org/2001/XMLSchema-instance" xsi:schemaLocation="http://www.loc.gov/MARC21/slim http://localhost:8080/OAIToolkit/schema/MARC21slim_custom.xsd">
          <marc:leader>00451cx  a22001933  4500</marc:leader>
          <marc:controlfield tag="001">24293</marc:controlfield>
          <marc:controlfield tag="003">IECdb</marc:controlfield>
          <marc:controlfield tag="004">17744</marc:controlfield>
          <marc:controlfield tag="005">20070518162838.0</marc:controlfield>
          <marc:controlfield tag="008">0705180p    8   4001aueng0000000</marc:controlfield>
          <marc:datafield tag="014" ind1="1" ind2=" ">
            <marc:subfield code="a">170847</marc:subfield>
          </marc:datafield>
          <marc:datafield tag="852" ind1="1" ind2=" ">
            <marc:subfield code="b">wstx</marc:subfield>
            <marc:subfield code="h">920.073 WHO</marc:subfield>
            <marc:subfield code="t">1</marc:subfield>
          </marc:datafield>
          <marc:datafield tag="866" ind1=" " ind2="0">
            <marc:subfield code="8">0</marc:subfield>
            <marc:subfield code="a">1978-79, Vol.1</marc:subfield>
          </marc:datafield>
          <marc:datafield tag="866" ind1=" " ind2="0">
            <marc:subfield code="8">0</marc:subfield>
            <marc:subfield code="a">1978-79, Vol.2</marc:subfield>
          </marc:datafield>
          <marc:datafield tag="866" ind1=" " ind2="0">
            <marc:subfield code="8">0</marc:subfield>
            <marc:subfield code="a">1980-81, Vol.1</marc:subfield>
          </marc:datafield>
          <marc:datafield tag="866" ind1=" " ind2="0">
            <marc:subfield code="8">0</marc:subfield>
            <marc:subfield code="a">1980-81, Vol.2</marc:subfield>
          </marc:datafield>
          <marc:datafield tag="866" ind1=" " ind2="0">
            <marc:subfield code="8">0</marc:subfield>
            <marc:subfield code="a">1981-83, Vol.1</marc:subfield>
          </marc:datafield>
          <marc:datafield tag="866" ind1=" " ind2="0">
            <marc:subfield code="8">0</marc:subfield>
            <marc:subfield code="a">1982-83 INDEX</marc:subfield>
          </marc:datafield>
          <marc:datafield tag="866" ind1=" " ind2="0">
            <marc:subfield code="8">0</marc:subfield>
            <marc:subfield code="a">1982-83, Vol.2</marc:subfield>
          </marc:datafield>
        </marc:record>
      </metadata>
    </record>
    <record>
      <header>
        <identifier>oai:library.rochester.edu:URVoyager1/433</identifier>
        <datestamp>2012-06-05T18:53:48Z</datestamp>
        <setSpec>hold</setSpec>
      </header>
      <metadata>
        <marc:record xmlns:marc="http://www.loc.gov/MARC21/slim" xmlns:xsi="http://www.w3.org/2001/XMLSchema-instance" xsi:schemaLocation="http://www.loc.gov/MARC21/slim http://localhost:8080/OAIToolkit/schema/MARC21slim_custom.xsd">
          <marc:leader>00349cx  a22001573  4500</marc:leader>
          <marc:controlfield tag="001">3857</marc:controlfield>
          <marc:controlfield tag="003">RSHdb</marc:controlfield>
          <marc:controlfield tag="004">3678</marc:controlfield>
          <marc:controlfield tag="005">20120307141949.0</marc:controlfield>
          <marc:controlfield tag="008">0805160p    8   4001aueng0000000</marc:controlfield>
          <marc:datafield tag="014" ind1="1" ind2=" ">
            <marc:subfield code="a">rsh003677</marc:subfield>
          </marc:datafield>
          <marc:datafield tag="852" ind1="2" ind2=" ">
            <marc:subfield code="b">mainbk</marc:subfield>
            <marc:subfield code="h">E 176</marc:subfield>
            <marc:subfield code="i">W627</marc:subfield>
            <marc:subfield code="t">1</marc:subfield>
          </marc:datafield>
          <marc:datafield tag="866" ind1=" " ind2="0">
            <marc:subfield code="8">0</marc:subfield>
            <marc:subfield code="a">VOLUME 1 2006</marc:subfield>
          </marc:datafield>
          <marc:datafield tag="866" ind1=" " ind2="0">
            <marc:subfield code="8">0</marc:subfield>
            <marc:subfield code="a">VOLUME 2 2006</marc:subfield>
          </marc:datafield>
          <marc:datafield tag="866" ind1=" " ind2="0">
            <marc:subfield code="8">0</marc:subfield>
            <marc:subfield code="a">VOLUME 1 2007</marc:subfield>
          </marc:datafield>
          <marc:datafield tag="866" ind1=" " ind2="0">
            <marc:subfield code="8">0</marc:subfield>
            <marc:subfield code="a">VOLUME 2 2007</marc:subfield>
          </marc:datafield>
        </marc:record>
      </metadata>
    </record>
  </ListRecords>
</OAI-PMH>
